trade_id,timestamp,instrument,price,quantity,buyer_id,seller_id
T000689,2025-06-01 00:04:02.229548,AMZN,365.43,653,B0065,S0046
T000271,2025-06-01 00:22:08.637623,TSLA,672.45,40,B0005,S0047
T000296,2025-06-01 00:55:35.708863,AMZN,1033.46,201,B0011,S0070
T000413,2025-06-01 02:12:23.766727,TSLA,1302.29,376,B0020,S0022
T000405,2025-06-01 02:17:36.803586,AAPL,829.27,949,B0073,S0061
T000686,2025-06-01 03:49:11.549496,GOOGL,1393.61,113,B0008,S0071
T000628,2025-06-01 04:20:22.221630,MSFT,273.54,857,B0029,S0094
T000338,2025-06-01 04:45:27.463887,TSLA,716.51,557,B0006,S0009
T000926,2025-06-01 05:24:46.671222,MSFT,333.12,758,B0086,S0082
T000422,2025-06-01 05:48:03.863615,GOOGL,662.05,226,B0028,S0026
T000620,2025-06-01 05:54:35.939591,TSLA,1155.09,699,B0078,S0062
T000450,2025-06-01 06:12:35.027749,MSFT,342.52,489,B0036,S0095
T000798,2025-06-01 06:32:18.258516,TSLA,620.61,843,B0022,S0034
T000621,2025-06-01 06:34:06.367813,GOOGL,552.06,647,B0072,S0076
T000139,2025-06-01 07:02:14.041710,GOOGL,469.73,889,B0034,S0021
T000702,2025-06-01 07:38:12.388115,GOOGL,983.39,570,B0046,S0077
T000165,2025-06-01 07:50:40.380933,AAPL,733.61,163,B0081,S0035
T000323,2025-06-01 08:22:38.477849,MSFT,249.39,193,B0095,S0028
T000963,2025-06-01 09:13:34.905667,AAPL,422.68,68,B0081,S0095
T000077,2025-06-01 09:51:58.286526,MSFT,323.93,633,B0021,S0043
T000811,2025-06-01 10:44:31.053545,GOOGL,668.49,306,B0067,S0038
T000241,2025-06-01 11:22:51.887863,MSFT,788.84,870,B0088,S0003
T000699,2025-06-01 11:35:26.862627,AAPL,984.04,748,B0067,S0075
T000587,2025-06-01 13:09:14.802119,GOOGL,529.54,795,B0089,S0052
T000252,2025-06-01 13:47:57.143329,TSLA,1448.52,518,B0011,S0037
T000835,2025-06-01 13:55:11.358030,MSFT,1081.76,207,B0049,S0027
T000904,2025-06-01 14:30:47.849938,AAPL,302.89,325,B0076,S0068
T000652,2025-06-01 15:25:54.597741,GOOGL,777.6,470,B0036,S0017
T000223,2025-06-01 19:00:44.600831,TSLA,162.32,39,B0027,S0043
T000825,2025-06-01 19:19:36.251783,TSLA,1001.12,415,B0062,S0008
T000729,2025-06-01 19:31:01.062003,MSFT,619.02,982,B0014,S0064
T000384,2025-06-01 20:33:31.306494,TSLA,332.49,753,B0007,S0097
T000727,2025-06-01 21:27:48.244040,GOOGL,507.79,458,B0058,S0049
T000449,2025-06-01 21:57:40.493651,GOOGL,203.29,429,B0005,S0028
T000412,2025-06-02 01:21:33.183152,AMZN,189.32,987,B0054,S0062
T000434,2025-06-02 01:49:04.437269,GOOGL,414.63,206,B0035,S0066
T000648,2025-06-02 03:04:10.113151,TSLA,1193.59,925,B0097,S0003
T000519,2025-06-02 05:13:40.398650,TSLA,379.87,205,B0015,S0063
T000888,2025-06-02 05:19:47.578548,MSFT,1324.93,878,B0014,S0005
T000218,2025-06-02 06:05:13.560370,AMZN,281.83,828,B0005,S0025
T000625,2025-06-02 06:32:09.143305,AAPL,919.53,84,B0096,S0057
T000826,2025-06-02 06:46:09.162178,GOOGL,1053.46,640,B0077,S0050
T000486,2025-06-02 07:04:31.859648,AAPL,1425.12,660,B0024,S0076
T000173,2025-06-02 07:22:42.317995,AAPL,967.38,308,B0037,S0043
T000758,2025-06-02 08:54:50.710592,GOOGL,611.79,64,B0095,S0091
T000221,2025-06-02 09:03:01.552407,AMZN,693.75,711,B0070,S0042
T000777,2025-06-02 09:08:17.326898,AMZN,590.09,123,B0004,S0066
T000491,2025-06-02 09:51:41.850713,TSLA,1126.0,295,B0003,S0053
T000136,2025-06-02 10:17:01.746087,AMZN,448.46,574,B0006,S0035
T000829,2025-06-02 11:02:33.580709,AAPL,615.91,707,B0035,S0090
T000411,2025-06-02 11:27:01.146474,AMZN,584.52,818,B0031,S0081
T000415,2025-06-02 12:09:00.887926,AMZN,1450.87,232,B0056,S0085
T000148,2025-06-02 12:54:09.743896,MSFT,1357.03,325,B0059,S0076
T000041,2025-06-02 12:57:28.875453,TSLA,792.54,74,B0023,S0083
T000713,2025-06-02 13:31:46.340425,AMZN,1213.16,869,B0036,S0095
T000036,2025-06-02 14:30:46.634654,TSLA,846.04,973,B0012,S0024
T000204,2025-06-02 15:50:24.711704,AMZN,230.14,416,B0073,S0071
T000495,2025-06-02 16:13:54.274613,AMZN,398.98,472,B0061,S0049
T000387,2025-06-02 18:54:31.409807,AAPL,1089.37,657,B0005,S0058
T000999,2025-06-02 19:03:07.316519,AAPL,512.39,464,B0055,S0064
T000791,2025-06-02 19:03:16.530631,MSFT,1046.2,186,B0013,S0018
T000619,2025-06-02 19:15:19.257139,AAPL,635.84,630,B0025,S0066
T000166,2025-06-02 20:02:18.523816,TSLA,1323.09,296,B0046,S0068
T000555,2025-06-02 21:27:15.944801,TSLA,1470.04,468,B0057,S0062
T000465,2025-06-02 21:37:15.294148,TSLA,1113.83,403,B0064,S0015
T000966,2025-06-02 22:30:47.869010,AMZN,1293.65,363,B0008,S0079
T000887,2025-06-02 23:03:02.456564,GOOGL,496.27,643,B0058,S0096
T000297,2025-06-02 23:26:54.683157,AMZN,248.9,945,B0060,S0036
T000572,2025-06-03 00:13:13.895570,GOOGL,905.39,170,B0002,S0033
T000515,2025-06-03 00:32:22.756457,AMZN,577.82,214,B0047,S0027
T000649,2025-06-03 03:06:31.633913,GOOGL,1193.3,20,B0063,S0095
T000918,2025-06-03 03:41:35.487913,MSFT,488.48,804,B0013,S0047
T000598,2025-06-03 04:41:52.413155,AAPL,1084.9,451,B0085,S0052
T000318,2025-06-03 04:42:20.366599,AMZN,1055.84,36,B0095,S0010
T000767,2025-06-03 05:10:44.878325,TSLA,1223.4,32,B0079,S0020
T000875,2025-06-03 05:22:34.055988,GOOGL,1333.32,147,B0043,S0073
T000205,2025-06-03 06:19:34.287924,AAPL,154.15,231,B0095,S0043
T000144,2025-06-03 06:19:45.324344,GOOGL,624.36,92,B0058,S0092
T000638,2025-06-03 07:15:18.567150,AMZN,948.33,417,B0079,S0056
T000566,2025-06-03 07:27:19.745363,GOOGL,1465.14,185,B0096,S0089
T000274,2025-06-03 09:40:48.343534,AMZN,646.41,641,B0018,S0038
T000214,2025-06-03 09:54:05.308226,AAPL,1006.38,889,B0041,S0097
T000797,2025-06-03 10:09:19.623986,AAPL,953.2,550,B0046,S0032
T000301,2025-06-03 10:48:37.063093,TSLA,1166.55,690,B0045,S0020
T000548,2025-06-03 11:17:34.622168,AMZN,456.07,864,B0027,S0050
T000232,2025-06-03 11:32:52.000189,MSFT,146.4,84,B0088,S0099
T000011,2025-06-03 11:36:34.065231,GOOGL,248.39,998,B0061,S0071
T000376,2025-06-03 12:11:02.244615,GOOGL,209.53,391,B0058,S0014
T000933,2025-06-03 12:33:11.756808,AAPL,469.19,550,B0041,S0023
T000653,2025-06-03 13:17:04.286732,TSLA,652.15,64,B0088,S0005
T000306,2025-06-03 14:10:16.171365,GOOGL,379.8,363,B0061,S0055
T000360,2025-06-03 14:38:36.879020,MSFT,774.41,173,B0038,S0038
T000820,2025-06-03 15:45:39.942555,AMZN,600.99,70,B0054,S0013
T000067,2025-06-03 16:32:59.351979,AAPL,1488.19,805,B0067,S0012
T000671,2025-06-03 17:23:46.942709,AAPL,437.06,272,B0012,S0012
T000229,2025-06-03 17:35:14.890659,MSFT,355.14,426,B0011,S0095
T000480,2025-06-03 17:35:43.539446,AMZN,1168.63,812,B0074,S0094
T000959,2025-06-03 17:46:41.895093,AAPL,1322.55,513,B0031,S0099
T000431,2025-06-03 17:56:11.335681,MSFT,1279.15,137,B0076,S0008
T000585,2025-06-03 18:23:14.013552,GOOGL,907.96,932,B0051,S0012
T000002,2025-06-03 18:44:43.666685,AMZN,335.12,495,B0037,S0098
T000355,2025-06-03 19:34:36.718984,GOOGL,1045.39,815,B0092,S0058
T000802,2025-06-03 20:11:12.379193,TSLA,1298.1,354,B0007,S0059
T000154,2025-06-03 20:30:35.275462,TSLA,1285.59,91,B0063,S0091
T000194,2025-06-03 20:35:08.176484,GOOGL,524.03,821,B0030,S0063
T000799,2025-06-03 20:58:18.556254,GOOGL,123.97,877,B0082,S0011
T000356,2025-06-03 21:03:38.923539,AAPL,1359.97,918,B0087,S0088
T000601,2025-06-03 21:19:52.172888,AAPL,129.13,619,B0086,S0038
T000803,2025-06-03 22:20:59.113579,MSFT,704.1,171,B0085,S0042
T000704,2025-06-03 23:00:15.704800,GOOGL,260.54,91,B0063,S0099
T000345,2025-06-03 23:40:07.414647,MSFT,794.19,677,B0016,S0074
T000294,2025-06-04 00:35:47.361568,TSLA,899.11,201,B0090,S0054
T000994,2025-06-04 00:42:21.278355,AMZN,171.37,8,B0057,S0057
T000447,2025-06-04 01:47:47.464164,TSLA,1432.11,244,B0076,S0014
T000328,2025-06-04 02:12:31.072998,MSFT,1086.73,186,B0074,S0084
T000623,2025-06-04 04:10:46.624542,AAPL,856.99,266,B0044,S0085
T000440,2025-06-04 07:06:38.246132,GOOGL,272.72,55,B0001,S0015
T000330,2025-06-04 07:10:03.186268,GOOGL,1393.16,962,B0054,S0017
T000116,2025-06-04 07:34:33.605396,GOOGL,352.82,506,B0093,S0061
T000267,2025-06-04 08:45:51.725313,AMZN,498.98,957,B0030,S0049
T000017,2025-06-04 11:01:37.096358,GOOGL,544.89,567,B0047,S0026
T000373,2025-06-04 11:23:29.916516,TSLA,930.86,389,B0032,S0056
T000033,2025-06-04 12:00:58.890341,GOOGL,1107.38,240,B0055,S0070
T000659,2025-06-04 12:42:23.270433,AAPL,318.95,836,B0017,S0057
T000006,2025-06-04 14:53:42.920338,GOOGL,1496.09,936,B0010,S0033
T000013,2025-06-04 15:00:44.584579,AAPL,1154.24,130,B0041,S0005
T000606,2025-06-04 15:10:35.992121,AAPL,185.38,443,B0001,S0029
T000290,2025-06-04 16:02:26.636254,MSFT,1153.42,939,B0028,S0079
T000656,2025-06-04 16:34:12.728394,AAPL,342.47,934,B0062,S0061
T000938,2025-06-04 17:05:11.677740,MSFT,659.38,155,B0018,S0059
T000466,2025-06-04 17:55:56.626159,GOOGL,1238.35,832,B0057,S0040
T000380,2025-06-04 18:03:01.174878,TSLA,1027.16,205,B0044,S0038
T000065,2025-06-04 18:24:07.350500,GOOGL,436.04,698,B0048,S0097
T000856,2025-06-04 19:26:28.318833,TSLA,866.7,427,B0079,S0068
T000391,2025-06-04 20:06:05.275687,AMZN,1190.66,932,B0004,S0049
T000201,2025-06-04 22:40:57.411207,MSFT,736.02,337,B0064,S0018
T000545,2025-06-04 22:47:34.088255,TSLA,327.58,564,B0087,S0033
T000870,2025-06-05 01:27:04.703455,AAPL,912.93,34,B0093,S0040
T000442,2025-06-05 01:57:28.198324,MSFT,593.03,96,B0070,S0017
T000198,2025-06-05 03:03:03.246339,AMZN,134.02,279,B0001,S0061
T000208,2025-06-05 03:06:25.747596,AAPL,856.6,811,B0019,S0074
T000806,2025-06-05 03:52:41.884645,TSLA,285.35,249,B0008,S0035
T000553,2025-06-05 04:23:41.596660,GOOGL,872.53,754,B0068,S0081
T000088,2025-06-05 04:25:22.889220,GOOGL,440.07,148,B0026,S0055
T000262,2025-06-05 04:40:24.503022,MSFT,472.95,590,B0031,S0017
T000723,2025-06-05 06:14:11.154681,GOOGL,215.22,772,B0001,S0003
T000084,2025-06-05 06:38:17.796868,GOOGL,1375.17,389,B0080,S0038
T000658,2025-06-05 06:49:44.375623,GOOGL,101.37,859,B0075,S0079
T000578,2025-06-05 07:23:26.272957,MSFT,274.91,717,B0061,S0015
T000385,2025-06-05 07:52:12.369936,TSLA,1353.77,855,B0066,S0082
T000641,2025-06-05 08:27:09.312473,TSLA,953.06,778,B0001,S0013
T000110,2025-06-05 09:36:30.710976,MSFT,821.36,24,B0035,S0059
T000303,2025-06-05 09:39:48.864583,GOOGL,1496.84,491,B0006,S0013
T000570,2025-06-05 10:02:21.873980,TSLA,1150.08,88,B0035,S0094
T000202,2025-06-05 10:53:00.529321,GOOGL,1412.29,759,B0078,S0001
T000132,2025-06-05 11:57:16.120196,TSLA,951.21,831,B0088,S0072
T000272,2025-06-05 12:38:48.596144,AMZN,261.38,105,B0020,S0091
T000573,2025-06-05 12:52:48.328553,AAPL,110.91,855,B0046,S0001
T000735,2025-06-05 13:01:26.989672,GOOGL,197.55,388,B0080,S0031
T000134,2025-06-05 13:05:22.005095,GOOGL,142.59,71,B0064,S0012
T000768,2025-06-05 13:53:29.961289,AAPL,1008.02,486,B0062,S0010
T000682,2025-06-05 14:42:49.791153,GOOGL,612.79,961,B0062,S0019
T000993,2025-06-05 15:14:54.666192,GOOGL,1415.77,428,B0059,S0012
T000996,2025-06-05 15:24:27.402730,MSFT,398.9,604,B0094,S0071
T000882,2025-06-05 15:52:30.409484,TSLA,993.45,340,B0099,S0015
T000178,2025-06-05 16:13:59.529557,AAPL,1117.39,636,B0099,S0019
T000880,2025-06-05 17:27:36.683398,GOOGL,740.78,398,B0010,S0048
T000956,2025-06-05 18:21:32.371086,MSFT,1452.94,923,B0008,S0026
T000082,2025-06-05 19:19:27.421799,MSFT,254.83,669,B0037,S0015
T000793,2025-06-05 20:04:47.949163,MSFT,172.62,204,B0021,S0041
T000784,2025-06-05 20:54:00.242753,GOOGL,336.93,491,B0049,S0083
T000009,2025-06-05 22:39:37.533576,AAPL,410.58,3,B0051,S0097
T000489,2025-06-05 22:55:41.854602,TSLA,1134.57,450,B0011,S0014
T000458,2025-06-05 23:46:21.419599,TSLA,310.28,554,B0005,S0026
T000053,2025-06-06 00:26:28.748464,AAPL,918.46,841,B0022,S0032
T000062,2025-06-06 00:39:35.438732,MSFT,691.89,846,B0024,S0082
T000158,2025-06-06 01:39:22.529973,GOOGL,1004.54,93,B0066,S0080
T000960,2025-06-06 01:54:00.991765,MSFT,787.78,798,B0049,S0043
T000140,2025-06-06 02:02:05.321292,TSLA,201.76,950,B0048,S0069
T000311,2025-06-06 02:40:27.167157,MSFT,396.34,667,B0045,S0081
T000099,2025-06-06 03:39:50.490948,GOOGL,1190.0,403,B0017,S0039
T000436,2025-06-06 05:08:40.108092,MSFT,795.58,171,B0083,S0031
T000149,2025-06-06 05:18:59.632585,MSFT,976.9,676,B0088,S0081
T000185,2025-06-06 05:25:59.128476,TSLA,304.58,318,B0026,S0006
T000680,2025-06-06 06:38:26.732259,TSLA,953.28,376,B0098,S0040
T000862,2025-06-06 07:26:14.526898,AAPL,1354.98,90,B0079,S0095
T000531,2025-06-06 07:29:23.324904,AMZN,446.71,546,B0039,S0050
T000496,2025-06-06 08:40:28.040438,MSFT,536.26,895,B0026,S0013
T000200,2025-06-06 08:50:44.200364,AAPL,391.74,22,B0076,S0097
T000923,2025-06-06 09:53:13.982083,AMZN,1371.98,164,B0073,S0043
T000872,2025-06-06 11:07:38.868730,AMZN,1287.07,32,B0072,S0086
T000510,2025-06-06 11:24:28.338126,TSLA,217.17,567,B0077,S0063
T000117,2025-06-06 12:13:02.500309,TSLA,1435.1,23,B0038,S0009
T000778,2025-06-06 12:16:25.552560,TSLA,337.15,395,B0022,S0031
T000078,2025-06-06 12:17:46.290492,TSLA,1369.05,652,B0004,S0074
T000885,2025-06-06 14:24:14.740904,AAPL,1155.54,421,B0016,S0088
T000210,2025-06-06 15:53:31.581240,AAPL,457.18,203,B0086,S0087
T000031,2025-06-06 16:29:21.703094,TSLA,722.02,454,B0025,S0019
T000575,2025-06-06 16:58:47.676214,TSLA,474.49,47,B0074,S0003
T000357,2025-06-06 18:21:00.762350,TSLA,1366.22,263,B0034,S0069
T000358,2025-06-06 20:10:17.762321,AAPL,528.1,800,B0001,S0020
T000319,2025-06-06 20:18:45.791474,AMZN,725.88,974,B0060,S0002
T000284,2025-06-06 20:47:27.256894,AAPL,664.96,531,B0062,S0097
T000722,2025-06-06 21:32:34.167532,TSLA,404.47,301,B0097,S0071
T000968,2025-06-06 21:48:30.798680,MSFT,1212.38,164,B0099,S0024
T000749,2025-06-06 22:52:11.065024,AMZN,992.12,863,B0071,S0070
T000857,2025-06-06 23:50:35.961724,GOOGL,871.19,126,B0017,S0007
T000471,2025-06-07 01:24:15.921396,AAPL,1214.41,759,B0044,S0020
T000599,2025-06-07 01:39:32.934129,AMZN,143.34,674,B0045,S0006
T000698,2025-06-07 03:11:40.638777,AMZN,1088.71,80,B0059,S0030
T000042,2025-06-07 03:32:51.698325,AAPL,710.19,480,B0059,S0047
T000973,2025-06-07 04:50:37.716179,TSLA,840.71,241,B0010,S0076
T000058,2025-06-07 06:13:07.313971,GOOGL,1352.7,628,B0004,S0060
T000647,2025-06-07 06:45:58.281328,AMZN,801.52,239,B0027,S0079
T000524,2025-06-07 10:00:43.479645,MSFT,176.05,323,B0013,S0080
T000176,2025-06-07 10:26:55.941209,GOOGL,464.3,497,B0057,S0061
T000418,2025-06-07 10:27:12.011904,TSLA,1146.63,165,B0063,S0047
T000374,2025-06-07 11:23:16.319768,MSFT,556.5,96,B0058,S0064
T000039,2025-06-07 11:52:13.740897,AAPL,1002.48,276,B0051,S0074
T000824,2025-06-07 12:05:58.341788,AMZN,497.21,520,B0060,S0086
T000948,2025-06-07 12:27:03.194530,GOOGL,779.17,726,B0087,S0009
T000128,2025-06-07 12:34:57.468436,AMZN,1344.24,145,B0032,S0035
T000126,2025-06-07 13:04:58.935067,GOOGL,1070.76,347,B0072,S0082
T000604,2025-06-07 13:09:21.551542,AMZN,923.71,348,B0004,S0054
T000732,2025-06-07 13:25:57.788535,GOOGL,595.42,930,B0038,S0068
T000167,2025-06-07 13:54:32.892700,MSFT,179.35,798,B0069,S0081
T000467,2025-06-07 14:42:58.574100,TSLA,1321.78,744,B0070,S0077
T000661,2025-06-07 15:05:34.258055,MSFT,684.03,941,B0020,S0003
T000855,2025-06-07 15:25:36.137626,GOOGL,733.03,934,B0033,S0016
T000353,2025-06-07 16:09:27.746034,GOOGL,551.17,93,B0081,S0004
T000617,2025-06-07 16:24:54.481459,AMZN,1326.83,394,B0001,S0041
T000071,2025-06-07 16:48:02.771645,MSFT,1081.72,260,B0071,S0084
T000839,2025-06-07 18:53:41.240076,GOOGL,369.85,813,B0017,S0060
T000239,2025-06-07 19:24:42.726848,TSLA,951.88,556,B0081,S0049
T000388,2025-06-07 19:39:54.277786,GOOGL,1312.27,856,B0014,S0056
T000074,2025-06-07 20:00:48.700879,TSLA,1252.62,705,B0031,S0025
T000935,2025-06-07 21:16:19.129736,GOOGL,217.02,692,B0090,S0082
T000435,2025-06-07 22:10:21.625167,GOOGL,1029.18,582,B0057,S0030
T000493,2025-06-07 22:30:59.847437,TSLA,574.82,25,B0060,S0092
T000654,2025-06-07 22:59:57.615095,AAPL,1496.93,813,B0090,S0022
T000780,2025-06-08 00:36:25.167462,AAPL,1284.84,286,B0083,S0099
T000753,2025-06-08 00:53:42.315519,AAPL,353.4,553,B0025,S0012
T000972,2025-06-08 01:02:42.779274,GOOGL,282.82,911,B0018,S0053
T000159,2025-06-08 02:48:16.443364,GOOGL,237.53,326,B0062,S0023
T000050,2025-06-08 03:35:13.309842,AMZN,293.05,660,B0015,S0076
T000341,2025-06-08 03:41:03.600445,AMZN,1416.73,720,B0069,S0075
T000639,2025-06-08 03:45:03.293271,AMZN,752.93,715,B0024,S0019
T000242,2025-06-08 03:59:11.464779,MSFT,831.2,941,B0041,S0096
T000213,2025-06-08 04:35:00.361969,GOOGL,604.12,540,B0007,S0072
T000931,2025-06-08 04:43:48.471284,AAPL,1473.06,573,B0052,S0053
T000540,2025-06-08 04:52:29.680784,AMZN,721.29,532,B0069,S0036
T000299,2025-06-08 05:29:41.914927,GOOGL,392.66,204,B0013,S0063
T000912,2025-06-08 07:57:43.189170,AMZN,1001.58,261,B0086,S0057
T000032,2025-06-08 08:19:32.132528,AMZN,1112.5,571,B0055,S0065
T000048,2025-06-08 09:02:32.223878,AMZN,124.03,465,B0070,S0046
T000734,2025-06-08 09:05:21.526898,MSFT,483.91,965,B0025,S0003
T000950,2025-06-08 09:06:11.061038,AMZN,1134.59,685,B0071,S0033
T000124,2025-06-08 09:19:57.983204,MSFT,1047.4,396,B0064,S0033
T000260,2025-06-08 10:08:40.545455,GOOGL,1384.73,331,B0031,S0056
T000672,2025-06-08 10:31:41.599909,AAPL,696.14,131,B0086,S0002
T000974,2025-06-08 11:32:40.862501,TSLA,560.27,124,B0009,S0035
T000409,2025-06-08 12:17:46.972811,AMZN,433.52,802,B0020,S0084
T000844,2025-06-08 12:20:58.064645,TSLA,615.1,455,B0061,S0036
T000473,2025-06-08 12:27:43.956810,AMZN,628.46,313,B0026,S0042
T000168,2025-06-08 13:30:13.400761,GOOGL,541.42,297,B0095,S0023
T000574,2025-06-08 13:53:34.501635,GOOGL,476.85,565,B0076,S0017
T000054,2025-06-08 16:28:35.198042,TSLA,734.16,262,B0099,S0064
T000936,2025-06-08 16:42:27.538750,AAPL,1044.28,667,B0005,S0053
T000344,2025-06-08 18:00:53.505280,TSLA,399.19,948,B0050,S0002
T000717,2025-06-08 18:04:37.902439,AAPL,1096.21,453,B0024,S0099
T000162,2025-06-08 18:36:46.848223,GOOGL,1017.94,847,B0032,S0039
T000254,2025-06-08 21:06:04.760422,TSLA,1455.04,930,B0029,S0077
T000322,2025-06-08 21:08:02.894884,AMZN,856.77,612,B0002,S0090
T000509,2025-06-08 21:13:19.268527,TSLA,107.3,23,B0070,S0051
T000182,2025-06-08 21:48:15.119986,GOOGL,770.02,553,B0039,S0077
T000111,2025-06-08 22:46:22.989702,AMZN,1497.1,643,B0022,S0094
T000644,2025-06-08 23:39:14.060327,MSFT,1486.62,241,B0095,S0040
T000234,2025-06-09 00:58:44.104248,AMZN,1113.35,799,B0028,S0071
T000534,2025-06-09 01:14:00.396766,MSFT,1116.25,588,B0064,S0088
T000023,2025-06-09 01:28:48.096112,TSLA,1133.21,428,B0091,S0092
T000094,2025-06-09 03:53:29.295017,TSLA,1477.72,136,B0053,S0051
T000666,2025-06-09 03:57:40.181487,GOOGL,341.76,586,B0093,S0061
T000579,2025-06-09 04:01:57.783322,GOOGL,1382.55,128,B0058,S0011
T000361,2025-06-09 04:20:17.187745,AAPL,1182.16,383,B0048,S0043
T000511,2025-06-09 05:00:55.850634,MSFT,468.97,270,B0067,S0020
T000884,2025-06-09 06:02:15.745303,AMZN,1441.39,478,B0091,S0038
T000953,2025-06-09 06:16:38.109758,MSFT,1177.59,380,B0049,S0018
T000375,2025-06-09 07:10:55.067392,MSFT,380.97,767,B0002,S0040
T000854,2025-06-09 07:58:56.961431,AAPL,497.65,469,B0091,S0062
T000977,2025-06-09 08:11:53.798428,TSLA,357.72,487,B0094,S0092
T000871,2025-06-09 09:13:20.305067,TSLA,1428.49,935,B0054,S0048
T000093,2025-06-09 10:28:42.664007,MSFT,497.5,952,B0015,S0050
T000382,2025-06-09 10:56:22.849057,AAPL,1219.66,985,B0088,S0081
T000539,2025-06-09 11:33:03.748397,TSLA,182.99,685,B0035,S0025
T000843,2025-06-09 11:55:48.392289,AMZN,280.08,116,B0004,S0055
T000247,2025-06-09 12:44:28.533412,AAPL,184.76,575,B0066,S0062
T000836,2025-06-09 12:57:20.196164,GOOGL,339.29,93,B0077,S0051
T000631,2025-06-09 13:06:40.495378,GOOGL,867.98,243,B0085,S0043
T000351,2025-06-09 14:24:48.645547,AMZN,273.11,755,B0011,S0067
T000230,2025-06-09 15:39:22.026026,MSFT,1085.66,947,B0009,S0040
T000580,2025-06-09 15:54:59.939069,AAPL,380.03,507,B0046,S0068
T000528,2025-06-09 16:42:01.015217,AAPL,215.96,464,B0043,S0009
T000981,2025-06-09 16:58:19.445889,AAPL,304.59,150,B0041,S0026
T000483,2025-06-09 17:27:05.313067,GOOGL,1280.22,73,B0009,S0040
T000670,2025-06-09 17:58:03.568638,AAPL,1476.56,6,B0093,S0063
T000557,2025-06-09 18:04:46.788908,AAPL,1348.4,385,B0045,S0070
T000034,2025-06-09 18:16:23.166340,MSFT,1430.72,353,B0019,S0034
T000907,2025-06-09 18:22:36.839809,AAPL,1371.39,671,B0084,S0043
T000917,2025-06-09 18:34:35.574313,MSFT,1145.96,809,B0097,S0090
T000962,2025-06-09 18:52:46.833992,TSLA,263.17,231,B0089,S0006
T000164,2025-06-09 19:34:38.644109,AMZN,163.2,765,B0036,S0082
T000616,2025-06-09 20:32:13.597359,TSLA,1098.02,59,B0016,S0016
T000181,2025-06-09 22:02:29.552775,AAPL,1244.54,810,B0023,S0025
T000313,2025-06-09 22:36:39.166261,MSFT,728.53,13,B0059,S0061
T000352,2025-06-09 22:52:51.005985,TSLA,1034.68,896,B0095,S0046
T000004,2025-06-09 23:06:02.521107,GOOGL,1324.13,705,B0099,S0012
T000498,2025-06-10 00:35:43.907165,AAPL,1492.32,103,B0010,S0086
T000127,2025-06-10 00:36:19.388398,AAPL,717.85,445,B0024,S0055
T000911,2025-06-10 03:16:00.069181,AMZN,272.06,338,B0005,S0074
T000005,2025-06-10 03:44:38.210986,AMZN,718.99,854,B0048,S0010
T000678,2025-06-10 04:49:47.027098,GOOGL,1154.07,378,B0097,S0007
T000008,2025-06-10 06:41:26.796257,AMZN,638.01,168,B0063,S0080
T000240,2025-06-10 08:58:25.706943,AAPL,588.36,618,B0077,S0029
T000051,2025-06-10 09:28:23.732467,AMZN,856.91,206,B0016,S0002
T000859,2025-06-10 13:20:57.165092,AAPL,542.88,583,B0044,S0053
T000731,2025-06-10 13:41:44.207100,GOOGL,1292.04,68,B0025,S0024
T000561,2025-06-10 14:05:23.125347,AAPL,512.71,947,B0048,S0042
T000541,2025-06-10 14:15:49.294069,MSFT,1037.36,803,B0084,S0066
T000049,2025-06-10 15:53:15.071970,AAPL,543.47,318,B0004,S0004
T000145,2025-06-10 16:22:03.284735,TSLA,653.01,745,B0066,S0009
T000119,2025-06-10 16:54:07.740401,MSFT,1059.37,174,B0015,S0015
T000462,2025-06-10 17:02:39.875358,MSFT,1246.45,983,B0051,S0083
T000273,2025-06-10 17:11:12.407580,TSLA,875.53,482,B0090,S0032
T000187,2025-06-10 17:31:03.678628,AAPL,313.55,936,B0085,S0015
T000516,2025-06-10 17:45:57.113109,AMZN,830.79,600,B0002,S0022
T000522,2025-06-10 18:43:22.479092,MSFT,892.19,324,B0061,S0099
T000142,2025-06-10 21:57:36.494687,AAPL,499.08,47,B0072,S0082
T000818,2025-06-10 23:12:48.268615,AAPL,1118.34,10,B0050,S0082
T000957,2025-06-11 01:22:54.580464,GOOGL,272.84,959,B0070,S0092
T000108,2025-06-11 01:40:42.635694,GOOGL,1377.21,219,B0009,S0011
T000024,2025-06-11 01:52:00.373365,MSFT,1307.42,450,B0029,S0079
T000613,2025-06-11 02:17:56.714552,MSFT,995.17,586,B0005,S0048
T000741,2025-06-11 02:30:20.928790,AMZN,246.15,724,B0018,S0011
T000090,2025-06-11 03:45:18.078492,MSFT,364.72,111,B0053,S0055
T000550,2025-06-11 04:31:50.182072,AAPL,736.06,177,B0038,S0042
T000482,2025-06-11 04:47:58.217192,GOOGL,297.99,328,B0097,S0045
T000335,2025-06-11 05:37:18.434041,AMZN,239.32,930,B0065,S0054
T000961,2025-06-11 07:37:20.906086,GOOGL,932.29,77,B0003,S0020
T000220,2025-06-11 08:23:04.858160,MSFT,1026.15,933,B0066,S0046
T000121,2025-06-11 11:23:53.705715,MSFT,570.47,814,B0039,S0033
T000636,2025-06-11 11:27:47.997934,GOOGL,732.38,451,B0003,S0076
T000834,2025-06-11 11:50:00.934755,GOOGL,332.69,615,B0050,S0034
T000846,2025-06-11 12:17:17.090821,AMZN,449.37,487,B0011,S0080
T000775,2025-06-11 12:17:46.332242,GOOGL,327.76,38,B0083,S0067
T000015,2025-06-11 12:29:27.978276,AMZN,1227.14,912,B0058,S0068
T000282,2025-06-11 13:16:23.612589,AAPL,954.16,914,B0096,S0002
T000237,2025-06-11 14:30:57.694222,GOOGL,411.74,396,B0070,S0033
T000207,2025-06-11 15:48:13.134581,AAPL,1049.36,184,B0092,S0085
T000441,2025-06-11 16:11:03.689279,GOOGL,930.26,923,B0087,S0039
T000688,2025-06-11 16:42:32.983630,GOOGL,1237.75,239,B0038,S0085
T000627,2025-06-11 16:56:06.115528,GOOGL,699.3,859,B0019,S0026
T000470,2025-06-11 17:21:59.016179,AMZN,691.56,768,B0061,S0052
T000397,2025-06-11 17:54:59.903269,GOOGL,1219.72,548,B0004,S0078
T000003,2025-06-11 18:58:17.433512,TSLA,767.52,765,B0067,S0093
T000426,2025-06-11 19:04:13.423656,TSLA,1146.97,126,B0088,S0062
T000694,2025-06-11 19:55:10.246710,GOOGL,904.73,960,B0016,S0087
T000833,2025-06-11 20:30:33.356575,MSFT,832.99,885,B0055,S0057
T000941,2025-06-11 21:05:25.830092,GOOGL,594.1,614,B0049,S0089
T000812,2025-06-11 21:37:54.523829,AAPL,1444.87,734,B0067,S0083
T000853,2025-06-11 22:03:02.965797,MSFT,563.73,909,B0063,S0029
T000902,2025-06-11 22:04:42.730361,TSLA,282.4,567,B0086,S0006
T000390,2025-06-11 22:09:18.593364,GOOGL,1110.75,893,B0088,S0089
T000097,2025-06-11 22:21:29.921615,GOOGL,544.81,340,B0052,S0028
T000800,2025-06-11 23:01:44.889722,GOOGL,983.69,178,B0078,S0074
T000696,2025-06-11 23:03:20.072987,TSLA,996.75,896,B0063,S0028
T000364,2025-06-12 00:00:05.465259,GOOGL,598.88,884,B0052,S0024
T000105,2025-06-12 00:16:49.058459,AAPL,1294.94,294,B0073,S0088
T000348,2025-06-12 00:47:24.360374,AAPL,221.87,826,B0076,S0081
T000468,2025-06-12 01:32:56.135872,TSLA,387.08,99,B0046,S0077
T000016,2025-06-12 03:19:38.732805,AAPL,1055.03,871,B0032,S0037
T000969,2025-06-12 04:14:50.338606,AMZN,770.46,752,B0050,S0020
T000544,2025-06-12 04:41:54.674151,MSFT,790.1,807,B0022,S0080
T000589,2025-06-12 07:46:32.654086,GOOGL,1412.59,655,B0051,S0038
T000925,2025-06-12 07:55:24.513930,AMZN,797.47,230,B0061,S0006
T000289,2025-06-12 10:09:46.048989,GOOGL,640.42,678,B0039,S0088
T000346,2025-06-12 11:11:06.582452,MSFT,1231.59,428,B0050,S0047
T000715,2025-06-12 11:49:59.098512,TSLA,832.14,5,B0085,S0053
T000642,2025-06-12 12:26:06.754914,AAPL,1124.0,839,B0006,S0074
T000407,2025-06-12 12:46:38.434813,GOOGL,1392.06,660,B0014,S0065
T000737,2025-06-12 13:13:11.833218,TSLA,1012.63,785,B0076,S0015
T000192,2025-06-12 14:12:20.239422,AAPL,488.55,509,B0041,S0005
T000212,2025-06-12 14:43:51.583438,AAPL,175.83,536,B0020,S0082
T000010,2025-06-12 14:53:29.724765,MSFT,1222.54,746,B0026,S0047
T000193,2025-06-12 15:02:22.271762,AMZN,866.89,495,B0044,S0022
T000952,2025-06-12 15:05:20.494417,AAPL,293.26,363,B0096,S0066
T000750,2025-06-12 15:14:34.161458,AAPL,337.96,816,B0039,S0086
T000488,2025-06-12 15:36:06.187550,MSFT,1207.77,513,B0081,S0078
T000243,2025-06-12 16:25:13.121611,AAPL,240.78,23,B0075,S0053
T000897,2025-06-12 16:43:45.679660,GOOGL,1443.83,608,B0063,S0090
T000427,2025-06-12 17:26:52.893788,TSLA,495.97,89,B0012,S0090
T000270,2025-06-12 17:31:55.824894,GOOGL,1236.51,285,B0065,S0083
T000995,2025-06-12 19:18:38.697502,TSLA,280.24,91,B0055,S0081
T000014,2025-06-12 19:30:20.976041,AMZN,783.48,437,B0012,S0025
T000459,2025-06-12 22:07:33.472122,TSLA,460.03,785,B0060,S0015
T000711,2025-06-12 22:07:58.148691,GOOGL,341.39,105,B0066,S0055
T000556,2025-06-12 22:19:33.058322,TSLA,1469.42,800,B0098,S0017
T000903,2025-06-12 22:34:46.195515,AMZN,998.1,250,B0091,S0065
T000161,2025-06-12 23:41:04.770493,AMZN,1220.23,385,B0042,S0046
T000195,2025-06-13 00:05:35.816344,TSLA,1120.46,853,B0015,S0034
T000685,2025-06-13 01:02:30.698030,GOOGL,573.31,757,B0074,S0006
T000414,2025-06-13 03:10:05.981550,TSLA,663.88,904,B0098,S0031
T000236,2025-06-13 03:20:01.288868,TSLA,374.94,464,B0037,S0001
T000934,2025-06-13 03:42:07.970858,MSFT,384.49,7,B0066,S0076
T000984,2025-06-13 04:16:48.982170,AAPL,730.87,868,B0049,S0053
T000891,2025-06-13 04:27:26.584112,AMZN,409.95,149,B0058,S0008
T000370,2025-06-13 04:27:35.307255,TSLA,1026.54,423,B0039,S0065
T000377,2025-06-13 05:03:15.567384,TSLA,687.5,923,B0085,S0088
T000153,2025-06-13 06:06:30.100051,GOOGL,131.87,418,B0019,S0084
T000307,2025-06-13 06:20:33.246509,GOOGL,169.66,302,B0075,S0064
T000861,2025-06-13 07:23:11.649372,AMZN,972.77,219,B0027,S0028
T000118,2025-06-13 08:09:04.803546,GOOGL,1105.42,903,B0085,S0082
T000075,2025-06-13 08:30:51.177931,AMZN,393.72,240,B0004,S0015
T000160,2025-06-13 09:49:56.599155,AAPL,292.42,751,B0016,S0031
T000028,2025-06-13 10:06:41.906572,AMZN,442.68,451,B0016,S0092
T000608,2025-06-13 12:19:53.840874,TSLA,316.89,686,B0062,S0036
T000930,2025-06-13 12:53:22.837710,MSFT,275.58,102,B0054,S0004
T000928,2025-06-13 13:05:03.533413,AMZN,306.73,271,B0023,S0079
T000264,2025-06-13 13:09:04.583731,MSFT,1493.4,231,B0080,S0004
T000783,2025-06-13 13:49:21.072678,AMZN,1178.24,693,B0046,S0093
T000595,2025-06-13 15:24:25.616562,AAPL,921.08,696,B0036,S0078
T000211,2025-06-13 17:18:12.437488,AAPL,267.74,510,B0036,S0045
T000683,2025-06-13 17:26:59.084026,GOOGL,136.87,387,B0011,S0063
T000324,2025-06-13 17:33:39.405671,AAPL,575.03,420,B0023,S0099
T000402,2025-06-13 18:01:57.540608,AAPL,1116.07,661,B0077,S0045
T000551,2025-06-13 18:51:44.803414,GOOGL,965.43,212,B0046,S0090
T000965,2025-06-13 18:55:12.463418,AAPL,304.85,726,B0043,S0037
T000939,2025-06-13 20:33:31.392400,MSFT,1122.99,785,B0043,S0019
T000937,2025-06-14 00:34:11.656214,TSLA,313.42,35,B0082,S0090
T000600,2025-06-14 02:24:33.933860,TSLA,1034.09,842,B0061,S0043
T000725,2025-06-14 02:43:08.307229,GOOGL,1369.6,877,B0013,S0041
T000693,2025-06-14 02:58:02.957824,AAPL,1002.36,123,B0078,S0072
T000155,2025-06-14 03:42:43.346585,MSFT,963.57,309,B0036,S0092
T000506,2025-06-14 06:01:15.955177,AAPL,583.34,847,B0038,S0085
T000102,2025-06-14 07:00:17.011253,AAPL,1061.22,301,B0009,S0053
T000677,2025-06-14 09:32:33.080076,AAPL,458.13,665,B0036,S0010
T000146,2025-06-14 09:41:18.050133,GOOGL,759.68,537,B0041,S0088
T000400,2025-06-14 10:04:04.312514,GOOGL,127.39,898,B0013,S0056
T000792,2025-06-14 12:05:07.790313,TSLA,544.55,359,B0016,S0088
T000892,2025-06-14 13:25:44.219246,AAPL,1038.35,818,B0040,S0088
T000765,2025-06-14 14:52:05.589160,AAPL,454.44,450,B0017,S0038
T000029,2025-06-14 15:18:25.960423,GOOGL,1071.4,946,B0091,S0019
T000258,2025-06-14 15:49:49.794871,AAPL,374.18,847,B0049,S0076
T000975,2025-06-14 15:58:30.084022,TSLA,1369.42,557,B0086,S0074
T000990,2025-06-14 16:05:52.659297,AAPL,1054.48,299,B0022,S0059
T000305,2025-06-14 16:45:20.799797,AAPL,1062.01,475,B0006,S0075
T000865,2025-06-14 17:29:29.198425,TSLA,780.72,241,B0012,S0061
T000864,2025-06-14 17:30:54.799252,AAPL,671.12,592,B0021,S0027
T000612,2025-06-14 19:00:30.285629,GOOGL,700.76,686,B0073,S0084
T000103,2025-06-14 19:03:42.742130,GOOGL,1283.46,422,B0014,S0090
T000044,2025-06-14 19:59:14.553868,AMZN,278.11,53,B0052,S0011
T000819,2025-06-14 20:09:15.982260,GOOGL,927.61,776,B0069,S0042
T000947,2025-06-14 20:39:07.105534,MSFT,260.29,78,B0035,S0038
T000868,2025-06-14 20:45:31.136472,AAPL,1486.4,861,B0070,S0026
T000700,2025-06-14 21:18:12.855918,MSFT,1239.27,381,B0099,S0009
T000286,2025-06-14 21:35:24.977140,AAPL,826.53,172,B0091,S0092
T000720,2025-06-14 21:44:12.460290,AAPL,657.72,163,B0063,S0046
T000513,2025-06-14 22:36:18.711406,GOOGL,691.67,105,B0035,S0006
T000226,2025-06-14 23:02:30.433222,AAPL,601.53,245,B0018,S0035
T000559,2025-06-14 23:42:57.743598,GOOGL,1091.93,544,B0050,S0071
T000743,2025-06-15 00:11:29.415274,MSFT,1139.66,123,B0024,S0017
T000416,2025-06-15 01:30:34.030576,MSFT,382.11,60,B0088,S0045
T000955,2025-06-15 02:48:33.032155,GOOGL,626.2,187,B0064,S0026
T000615,2025-06-15 03:12:38.284522,TSLA,1076.69,938,B0053,S0002
T000523,2025-06-15 06:01:02.133027,GOOGL,404.24,45,B0070,S0020
T000886,2025-06-15 07:40:46.622209,MSFT,1041.67,516,B0084,S0090
T000915,2025-06-15 07:53:57.039849,AMZN,560.51,746,B0075,S0023
T000321,2025-06-15 08:49:09.307949,MSFT,967.77,462,B0099,S0086
T000472,2025-06-15 08:58:35.250276,AAPL,542.78,136,B0046,S0012
T000076,2025-06-15 09:50:36.625532,AAPL,753.13,682,B0088,S0069
T000342,2025-06-15 09:52:09.608157,MSFT,501.68,9,B0002,S0051
T000546,2025-06-15 11:02:39.447648,MSFT,627.04,295,B0003,S0056
T000776,2025-06-15 11:17:55.814586,MSFT,808.95,785,B0095,S0049
T000618,2025-06-15 11:24:50.109322,AAPL,868.85,227,B0052,S0039
T000529,2025-06-15 11:58:11.845202,GOOGL,119.56,998,B0088,S0002
T000276,2025-06-15 12:26:04.859028,MSFT,524.29,512,B0074,S0056
T000179,2025-06-15 12:36:00.726155,GOOGL,409.3,644,B0046,S0065
T000663,2025-06-15 12:55:03.996999,MSFT,1299.8,261,B0093,S0054
T000567,2025-06-15 13:06:00.004610,MSFT,1356.82,260,B0034,S0048
T000113,2025-06-15 13:48:16.196000,TSLA,1107.95,731,B0066,S0088
T000508,2025-06-15 14:30:19.563812,GOOGL,235.57,782,B0051,S0035
T000660,2025-06-15 15:22:40.612727,MSFT,476.56,601,B0087,S0019
T000169,2025-06-15 17:29:00.848253,TSLA,868.63,868,B0006,S0009
T000821,2025-06-15 17:45:56.641251,AAPL,933.57,24,B0044,S0022
T000265,2025-06-15 18:51:30.076174,TSLA,1349.48,69,B0038,S0055
T000196,2025-06-15 19:45:36.227298,MSFT,1499.5,954,B0079,S0085
T000420,2025-06-15 20:41:03.593579,TSLA,1133.5,847,B0037,S0042
T000026,2025-06-15 21:54:46.757553,MSFT,271.5,626,B0049,S0078
T000394,2025-06-15 21:58:07.975819,AMZN,773.97,387,B0088,S0023
T000156,2025-06-15 22:23:59.066354,AMZN,946.32,629,B0087,S0035
T000122,2025-06-15 23:14:48.058417,AMZN,520.44,100,B0023,S0015
T000399,2025-06-16 01:38:45.487248,AMZN,505.16,593,B0098,S0066
T000497,2025-06-16 01:43:47.504417,MSFT,1102.93,777,B0047,S0055
T000326,2025-06-16 01:58:57.746148,MSFT,564.99,900,B0075,S0073
T000057,2025-06-16 02:03:47.283745,MSFT,189.24,772,B0019,S0093
T000626,2025-06-16 02:44:27.752455,TSLA,756.37,82,B0098,S0042
T000863,2025-06-16 03:26:42.979532,AMZN,1012.05,131,B0026,S0093
T000047,2025-06-16 03:52:42.013504,GOOGL,657.99,906,B0096,S0070
T000027,2025-06-16 04:03:33.882653,AAPL,1215.96,127,B0059,S0070
T000406,2025-06-16 05:15:48.864177,MSFT,1065.89,127,B0086,S0056
T000408,2025-06-16 06:16:28.606749,AMZN,247.9,41,B0087,S0022
T000112,2025-06-16 07:04:02.325025,GOOGL,916.09,286,B0014,S0006
T000816,2025-06-16 08:06:04.077296,MSFT,937.87,162,B0062,S0046
T000967,2025-06-16 09:01:00.843709,MSFT,995.64,890,B0052,S0091
T000444,2025-06-16 09:23:18.489202,MSFT,1316.14,981,B0092,S0074
T000655,2025-06-16 09:47:14.163117,MSFT,1406.79,305,B0068,S0061
T000873,2025-06-16 10:02:02.472777,MSFT,1294.08,419,B0039,S0061
T000558,2025-06-16 10:22:39.562894,GOOGL,434.52,418,B0032,S0034
T000951,2025-06-16 11:13:49.051734,TSLA,527.5,288,B0032,S0080
T000569,2025-06-16 11:30:43.125488,AAPL,558.59,827,B0046,S0059
T000568,2025-06-16 12:05:47.112751,AMZN,603.16,409,B0016,S0074
T000867,2025-06-16 12:12:07.253812,AAPL,288.27,402,B0095,S0052
T000354,2025-06-16 12:46:44.184522,AAPL,540.43,375,B0096,S0025
T000392,2025-06-16 13:01:22.089946,TSLA,1057.64,370,B0087,S0078
T000494,2025-06-16 13:04:45.712210,TSLA,652.19,390,B0018,S0045
T000552,2025-06-16 13:58:04.869063,TSLA,1043.52,998,B0060,S0099
T000637,2025-06-16 14:21:13.113084,AAPL,634.01,367,B0032,S0016
T000138,2025-06-16 14:26:35.490496,MSFT,256.25,799,B0011,S0063
T000949,2025-06-16 15:02:51.623929,MSFT,683.64,14,B0074,S0093
T000640,2025-06-16 16:31:14.276213,AMZN,1089.38,518,B0024,S0001
T000920,2025-06-16 16:57:16.346052,TSLA,685.06,661,B0092,S0027
T000064,2025-06-16 17:30:13.187729,AAPL,1324.79,152,B0022,S0005
T000020,2025-06-16 18:00:14.488013,TSLA,1376.01,373,B0044,S0099
T000174,2025-06-16 18:36:21.722628,AMZN,705.59,33,B0057,S0071
T000900,2025-06-16 18:50:35.461877,GOOGL,433.72,210,B0086,S0074
T000586,2025-06-16 19:14:44.701114,TSLA,343.51,966,B0081,S0095
T000079,2025-06-16 19:53:51.085118,TSLA,973.32,413,B0010,S0015
T000063,2025-06-16 20:39:29.544443,GOOGL,186.47,36,B0065,S0067
T000331,2025-06-16 21:28:39.506306,TSLA,1339.22,350,B0095,S0006
T000536,2025-06-16 22:33:26.838873,TSLA,1318.0,150,B0023,S0004
T000840,2025-06-16 23:17:32.430334,TSLA,725.5,744,B0083,S0026
T000804,2025-06-17 00:13:11.876096,AAPL,509.79,636,B0052,S0088
T000760,2025-06-17 00:54:06.837289,MSFT,487.84,313,B0045,S0042
T000582,2025-06-17 00:57:52.168197,GOOGL,439.77,347,B0044,S0055
T000092,2025-06-17 01:34:07.847498,TSLA,120.77,670,B0002,S0025
T000131,2025-06-17 02:02:18.335837,MSFT,446.75,209,B0039,S0028
T000037,2025-06-17 02:40:31.900490,AAPL,1218.02,83,B0055,S0095
T000393,2025-06-17 03:32:32.244545,MSFT,758.94,451,B0060,S0061
T000287,2025-06-17 03:48:04.270046,AMZN,479.6,689,B0034,S0059
T000069,2025-06-17 03:58:24.682669,AAPL,934.48,795,B0032,S0016
T000085,2025-06-17 04:01:40.901019,AAPL,121.53,970,B0034,S0006
T000896,2025-06-17 04:23:22.909874,GOOGL,1210.27,990,B0097,S0007
T000130,2025-06-17 04:41:13.302266,AMZN,666.14,954,B0026,S0066
T000381,2025-06-17 05:16:26.994012,MSFT,873.48,83,B0022,S0036
T000087,2025-06-17 06:22:51.138614,MSFT,1317.12,80,B0071,S0001
T000788,2025-06-17 06:24:12.311715,MSFT,1283.99,122,B0075,S0040
T000215,2025-06-17 06:35:32.499614,AAPL,1249.52,932,B0026,S0019
T000460,2025-06-17 07:18:44.638678,TSLA,977.37,754,B0075,S0049
T000989,2025-06-17 07:42:10.776672,AMZN,475.64,814,B0073,S0026
T000325,2025-06-17 08:02:30.859734,AAPL,621.16,125,B0042,S0005
T000329,2025-06-17 08:26:28.237733,MSFT,907.82,58,B0052,S0086
T000253,2025-06-17 08:38:28.875379,TSLA,1336.14,164,B0046,S0029
T000018,2025-06-17 08:52:01.905046,AAPL,1402.31,103,B0040,S0097
T000614,2025-06-17 08:56:05.059102,AMZN,873.28,889,B0002,S0026
T000395,2025-06-17 10:49:19.957299,MSFT,683.7,542,B0083,S0082
T000421,2025-06-17 11:07:44.714659,TSLA,1482.82,414,B0020,S0040
T000371,2025-06-17 11:10:56.869002,MSFT,457.28,613,B0039,S0016
T000889,2025-06-17 12:40:15.285307,AMZN,1006.19,67,B0091,S0094
T000521,2025-06-17 13:16:35.600672,AAPL,1469.79,636,B0033,S0080
T000143,2025-06-17 13:53:08.546715,AAPL,717.49,832,B0079,S0030
T000518,2025-06-17 14:44:09.882617,AMZN,1425.9,972,B0074,S0050
T000526,2025-06-17 15:05:21.995543,AMZN,537.94,757,B0002,S0074
T000564,2025-06-17 16:06:01.085824,TSLA,444.81,29,B0064,S0017
T000043,2025-06-17 16:13:34.961463,TSLA,992.56,786,B0062,S0066
T000249,2025-06-17 16:22:10.295353,MSFT,975.92,921,B0066,S0054
T000664,2025-06-17 17:26:01.432994,AMZN,1298.94,31,B0037,S0071
T000259,2025-06-17 17:26:22.387133,MSFT,395.52,183,B0085,S0091
T000794,2025-06-17 17:32:44.813746,AAPL,1093.49,23,B0098,S0093
T000125,2025-06-17 17:40:47.510955,GOOGL,983.65,867,B0075,S0060
T000056,2025-06-17 17:55:39.892349,TSLA,708.75,575,B0014,S0010
T000914,2025-06-17 18:33:41.368701,MSFT,1252.69,140,B0064,S0035
T000673,2025-06-17 19:07:35.661797,AMZN,1350.85,973,B0032,S0055
T000980,2025-06-17 21:22:45.612595,TSLA,341.62,755,B0044,S0050
T000988,2025-06-17 21:29:43.029445,GOOGL,243.8,22,B0078,S0054
T000068,2025-06-17 21:44:28.862686,TSLA,380.24,148,B0049,S0068
T000368,2025-06-17 21:54:00.877873,AAPL,945.96,263,B0053,S0065
T000571,2025-06-18 00:26:03.246595,AMZN,842.66,736,B0047,S0001
T000490,2025-06-18 02:46:16.007934,MSFT,987.92,29,B0021,S0067
T000177,2025-06-18 03:04:42.920518,AAPL,227.89,628,B0060,S0085
T000514,2025-06-18 05:21:24.917653,TSLA,226.98,751,B0078,S0083
T000549,2025-06-18 05:41:07.128472,MSFT,1031.46,236,B0035,S0018
T000651,2025-06-18 06:04:10.107329,TSLA,712.28,726,B0010,S0059
T000295,2025-06-18 07:17:03.909903,AAPL,784.03,538,B0094,S0086
T000337,2025-06-18 07:17:24.906672,TSLA,1228.38,431,B0023,S0021
T000197,2025-06-18 07:38:48.777201,TSLA,1022.0,725,B0005,S0096
T000439,2025-06-18 07:56:30.914339,MSFT,264.16,100,B0025,S0090
T000268,2025-06-18 09:40:35.199248,TSLA,1054.71,706,B0055,S0036
T000706,2025-06-18 10:10:26.479565,MSFT,483.78,404,B0075,S0085
T000790,2025-06-18 11:18:17.250097,AMZN,1290.46,419,B0077,S0083
T000022,2025-06-18 11:42:12.783567,TSLA,198.57,465,B0019,S0016
T000747,2025-06-18 12:39:15.900605,TSLA,895.89,574,B0068,S0088
T000681,2025-06-18 13:07:49.499261,AAPL,227.18,878,B0028,S0092
T000605,2025-06-18 13:51:26.924724,GOOGL,203.97,626,B0088,S0080
T000476,2025-06-18 14:35:18.152424,AAPL,1401.36,978,B0013,S0021
T000562,2025-06-18 14:41:27.106480,MSFT,557.89,231,B0095,S0007
T000070,2025-06-18 15:19:31.579702,MSFT,583.7,170,B0003,S0091
T000401,2025-06-18 16:30:41.128388,AAPL,1109.73,11,B0043,S0044
T000469,2025-06-18 16:37:44.354968,GOOGL,603.24,595,B0042,S0020
T000701,2025-06-18 16:52:44.392859,AMZN,1405.22,956,B0002,S0092
T000530,2025-06-18 18:09:00.590260,MSFT,552.45,459,B0094,S0031
T000512,2025-06-18 19:00:24.048178,AAPL,634.14,337,B0099,S0023
T000129,2025-06-18 19:57:31.601021,AAPL,678.97,792,B0020,S0021
T000231,2025-06-18 21:45:01.558863,TSLA,534.85,226,B0077,S0035
T000184,2025-06-18 21:50:15.064607,AAPL,199.06,940,B0088,S0042
T000771,2025-06-18 23:05:17.507034,TSLA,856.06,455,B0081,S0038
T000106,2025-06-18 23:30:56.272106,MSFT,1192.47,739,B0094,S0089
T000877,2025-06-19 00:02:33.486553,MSFT,1452.56,954,B0006,S0038
T000766,2025-06-19 00:14:27.765120,MSFT,347.36,954,B0027,S0052
T000667,2025-06-19 00:17:54.072232,MSFT,555.82,949,B0041,S0043
T000795,2025-06-19 01:09:11.659815,TSLA,1321.96,811,B0015,S0033
T000998,2025-06-19 01:47:46.652576,AMZN,1426.2,77,B0032,S0049
T000581,2025-06-19 04:19:28.476849,TSLA,335.83,381,B0035,S0090
T000560,2025-06-19 04:30:20.648370,AAPL,1165.14,540,B0082,S0020
T000379,2025-06-19 04:30:48.098893,TSLA,1353.7,957,B0040,S0084
T000209,2025-06-19 05:17:16.894196,AAPL,613.72,18,B0021,S0039
T000336,2025-06-19 05:56:16.945400,AMZN,690.63,814,B0058,S0027
T000629,2025-06-19 06:23:51.616635,MSFT,1056.74,750,B0055,S0076
T000487,2025-06-19 08:08:38.801731,TSLA,575.09,565,B0079,S0065
T000814,2025-06-19 08:27:04.397936,AMZN,1018.56,600,B0031,S0066
T000517,2025-06-19 09:27:07.636340,MSFT,111.85,132,B0096,S0056
T000485,2025-06-19 09:47:40.493421,AAPL,532.46,78,B0024,S0011
T000940,2025-06-19 09:52:32.926163,MSFT,397.66,218,B0012,S0058
T000687,2025-06-19 10:48:31.753294,MSFT,696.76,851,B0073,S0012
T000745,2025-06-19 11:30:38.773875,AAPL,1478.27,162,B0064,S0062
T000100,2025-06-19 11:51:51.611650,TSLA,858.8,191,B0060,S0070
T000668,2025-06-19 12:21:30.671931,GOOGL,1411.54,583,B0073,S0040
T000837,2025-06-19 13:04:53.572006,AAPL,201.3,925,B0063,S0019
T000831,2025-06-19 14:14:33.085609,AMZN,198.96,894,B0095,S0060
T000801,2025-06-19 15:07:39.126700,GOOGL,1333.01,556,B0053,S0031
T000499,2025-06-19 15:17:34.980012,TSLA,753.28,156,B0074,S0080
T000781,2025-06-19 15:58:53.256028,AMZN,1338.02,120,B0076,S0029
T000869,2025-06-19 17:33:08.454347,GOOGL,616.24,422,B0012,S0064
T000742,2025-06-19 19:36:06.269734,GOOGL,1209.27,433,B0064,S0028
T000736,2025-06-19 23:22:50.132955,AMZN,482.83,653,B0056,S0046
T000233,2025-06-19 23:31:36.014712,GOOGL,832.37,383,B0085,S0032
T000007,2025-06-20 01:24:41.469092,TSLA,498.12,622,B0047,S0075
T000665,2025-06-20 01:37:30.994289,AAPL,1051.96,350,B0001,S0090
T000695,2025-06-20 01:48:28.364567,AMZN,624.28,805,B0074,S0086
T000188,2025-06-20 01:53:31.658861,AAPL,542.33,305,B0017,S0050
T000946,2025-06-20 02:33:26.203284,GOOGL,583.24,102,B0054,S0030
T000115,2025-06-20 03:06:07.508840,AMZN,535.62,754,B0042,S0099
T000603,2025-06-20 05:12:44.223319,GOOGL,369.15,487,B0091,S0092
T000721,2025-06-20 05:19:46.522105,TSLA,439.51,970,B0074,S0075
T000424,2025-06-20 05:40:47.362668,AMZN,840.87,418,B0093,S0069
T000527,2025-06-20 07:15:35.340806,TSLA,1464.7,851,B0090,S0075
T000507,2025-06-20 08:27:31.053619,MSFT,683.6,249,B0041,S0026
T000175,2025-06-20 08:38:02.988959,MSFT,847.77,357,B0048,S0035
T000089,2025-06-20 09:34:08.549763,GOOGL,946.69,991,B0025,S0079
T000576,2025-06-20 10:04:24.457925,TSLA,128.12,991,B0078,S0088
T000763,2025-06-20 12:44:17.489717,MSFT,1286.54,604,B0055,S0051
T000245,2025-06-20 12:45:10.912433,TSLA,1098.21,933,B0022,S0011
T000898,2025-06-20 13:17:45.882711,GOOGL,131.73,551,B0024,S0024
T000691,2025-06-20 14:16:27.577725,TSLA,512.93,585,B0096,S0096
T000565,2025-06-20 14:43:55.141432,AAPL,839.69,986,B0034,S0062
T000133,2025-06-20 15:57:45.790951,AMZN,1478.87,144,B0062,S0028
T000645,2025-06-20 16:49:51.511379,AAPL,873.42,281,B0011,S0056
T000866,2025-06-20 17:20:07.530330,GOOGL,806.4,25,B0001,S0058
T000030,2025-06-20 17:58:40.934097,GOOGL,1029.55,107,B0052,S0018
T000597,2025-06-20 18:02:36.334514,MSFT,223.87,154,B0061,S0063
T000537,2025-06-20 18:07:48.771048,AMZN,1044.64,195,B0026,S0031
T000916,2025-06-20 18:31:01.810431,AAPL,489.98,722,B0001,S0017
T000308,2025-06-20 18:53:14.824334,MSFT,499.52,17,B0008,S0078
T000774,2025-06-20 19:05:47.729997,AAPL,530.16,847,B0026,S0049
T000372,2025-06-20 19:42:50.535250,GOOGL,975.55,115,B0070,S0007
T000279,2025-06-20 20:39:19.094641,TSLA,920.98,976,B0006,S0026
T000283,2025-06-20 23:40:44.252734,MSFT,206.33,311,B0093,S0083
T000362,2025-06-21 00:14:53.386401,TSLA,311.13,453,B0045,S0083
T000410,2025-06-21 01:07:01.870349,AMZN,917.41,18,B0013,S0007
T000714,2025-06-21 02:24:14.906328,TSLA,753.32,412,B0085,S0048
T000477,2025-06-21 02:26:55.107893,AMZN,1155.11,17,B0019,S0018
T000718,2025-06-21 03:07:40.554247,MSFT,1113.36,85,B0023,S0051
T000238,2025-06-21 03:59:57.494031,GOOGL,1455.63,145,B0048,S0091
T000340,2025-06-21 04:52:54.160460,TSLA,715.81,835,B0098,S0017
T000461,2025-06-21 05:43:02.086730,AAPL,1471.53,644,B0054,S0066
T000849,2025-06-21 05:58:45.805302,GOOGL,1474.09,190,B0084,S0095
T000583,2025-06-21 06:09:30.549942,AMZN,395.22,281,B0034,S0010
T000841,2025-06-21 06:28:27.463243,AAPL,721.62,761,B0004,S0028
T000334,2025-06-21 07:04:07.105534,MSFT,544.26,283,B0065,S0076
T000437,2025-06-21 07:22:53.750670,MSFT,292.53,863,B0095,S0022
T000538,2025-06-21 07:29:03.205980,GOOGL,1265.79,906,B0081,S0029
T000123,2025-06-21 07:30:46.057816,AAPL,454.14,282,B0009,S0024
T000808,2025-06-21 08:08:01.543150,AAPL,1017.89,126,B0041,S0083
T000676,2025-06-21 08:16:04.031538,TSLA,1401.25,985,B0090,S0004
T000025,2025-06-21 08:16:41.052950,GOOGL,722.05,821,B0045,S0068
T000309,2025-06-21 09:41:32.935206,MSFT,1270.36,587,B0034,S0068
T000646,2025-06-21 10:13:51.428553,TSLA,529.82,331,B0044,S0066
T000630,2025-06-21 10:31:38.839102,GOOGL,208.83,403,B0045,S0052
T000316,2025-06-21 12:30:08.817026,AAPL,1493.56,943,B0030,S0047
T000081,2025-06-21 13:21:46.708587,GOOGL,537.13,97,B0018,S0042
T000899,2025-06-21 13:33:13.081377,AAPL,1222.58,193,B0016,S0033
T000363,2025-06-21 13:40:16.963684,TSLA,1378.97,408,B0003,S0074
T000979,2025-06-21 14:05:21.166318,GOOGL,981.25,898,B0091,S0012
T000055,2025-06-21 14:34:20.189649,AAPL,359.39,134,B0033,S0085
T000945,2025-06-21 15:28:54.154104,TSLA,728.77,6,B0058,S0098
T000738,2025-06-21 16:00:28.468402,GOOGL,1055.95,528,B0005,S0041
T000281,2025-06-21 16:08:23.155528,AAPL,807.55,404,B0089,S0090
T000396,2025-06-21 16:41:27.287176,AAPL,1275.53,522,B0071,S0028
T000675,2025-06-21 18:51:20.712833,TSLA,547.63,84,B0093,S0055
T000782,2025-06-21 18:57:11.768323,MSFT,235.39,43,B0094,S0038
T000845,2025-06-21 18:59:28.046536,GOOGL,1473.61,991,B0043,S0002
T000147,2025-06-21 19:47:11.015283,GOOGL,1429.76,607,B0006,S0091
T000066,2025-06-21 21:05:11.684282,TSLA,498.55,279,B0040,S0082
T000779,2025-06-21 21:19:09.802638,AAPL,1333.67,251,B0065,S0039
T000403,2025-06-21 21:21:11.268779,GOOGL,254.32,618,B0040,S0062
T000830,2025-06-21 22:00:59.798961,AAPL,864.77,636,B0080,S0078
T000563,2025-06-21 22:24:37.729330,AMZN,654.38,181,B0060,S0047
T000293,2025-06-21 22:28:25.882429,MSFT,490.92,981,B0095,S0050
T000919,2025-06-21 23:38:51.051993,AAPL,255.15,526,B0063,S0031
T000224,2025-06-21 23:42:52.315751,AMZN,139.51,151,B0065,S0055
T000448,2025-06-22 00:06:43.501313,AAPL,1071.33,925,B0099,S0029
T000479,2025-06-22 00:25:12.315610,AAPL,305.5,179,B0088,S0022
T000463,2025-06-22 00:32:57.438667,AAPL,1239.0,163,B0019,S0076
T000624,2025-06-22 00:34:18.944464,AAPL,622.82,350,B0032,S0080
T000500,2025-06-22 01:54:40.320385,AMZN,468.49,37,B0025,S0085
T000577,2025-06-22 03:23:05.559622,AMZN,845.13,163,B0038,S0013
T000235,2025-06-22 03:25:38.809503,AAPL,841.97,863,B0009,S0024
T000748,2025-06-22 05:32:05.021328,TSLA,283.56,551,B0023,S0016
T000813,2025-06-22 05:57:15.313701,TSLA,231.39,912,B0001,S0022
T000060,2025-06-22 06:27:29.572408,TSLA,493.32,613,B0004,S0076
T000921,2025-06-22 06:40:46.841239,TSLA,1196.02,647,B0091,S0079
T000096,2025-06-22 07:04:06.839704,MSFT,1175.18,987,B0066,S0070
T000452,2025-06-22 07:06:03.905066,AAPL,1015.64,296,B0041,S0064
T000739,2025-06-22 09:12:12.723108,AMZN,575.57,743,B0085,S0028
T000425,2025-06-22 09:14:30.185506,GOOGL,1292.73,725,B0039,S0040
T000761,2025-06-22 11:15:34.394664,GOOGL,1493.1,679,B0021,S0025
T000674,2025-06-22 11:16:47.043607,MSFT,532.73,5,B0051,S0084
T000881,2025-06-22 13:09:48.081463,AMZN,1109.01,718,B0053,S0067
T000764,2025-06-22 14:41:01.722183,AAPL,365.84,602,B0009,S0037
T000992,2025-06-22 15:51:09.196953,GOOGL,467.18,452,B0061,S0078
T000708,2025-06-22 16:32:58.096965,TSLA,1359.39,801,B0085,S0057
T000610,2025-06-22 19:14:18.722632,GOOGL,357.27,583,B0027,S0001
T000932,2025-06-22 20:28:58.960591,MSFT,653.51,539,B0017,S0035
T000851,2025-06-22 20:34:11.669892,AAPL,161.36,964,B0051,S0096
T000905,2025-06-22 20:38:19.394536,MSFT,758.6,179,B0098,S0076
T000332,2025-06-22 20:40:09.917580,AAPL,1456.93,203,B0099,S0047
T000769,2025-06-22 21:12:36.733855,AMZN,848.35,495,B0079,S0040
T000114,2025-06-22 21:14:03.390755,GOOGL,876.99,340,B0093,S0010
T000315,2025-06-22 21:15:32.489541,AAPL,1449.09,214,B0007,S0005
T000456,2025-06-22 21:50:04.368538,MSFT,399.31,436,B0042,S0088
T000035,2025-06-23 00:45:30.014842,TSLA,1452.93,699,B0059,S0092
T000705,2025-06-23 01:02:33.984987,AAPL,505.58,19,B0087,S0025
T000417,2025-06-23 01:28:17.876667,AAPL,1496.59,369,B0071,S0014
T000543,2025-06-23 01:31:28.356543,AAPL,1223.85,83,B0033,S0074
T000929,2025-06-23 01:59:09.305523,MSFT,491.67,662,B0009,S0066
T000433,2025-06-23 04:48:18.430897,AMZN,194.92,90,B0075,S0019
T000827,2025-06-23 05:01:43.266075,AAPL,976.93,740,B0086,S0068
T000432,2025-06-23 05:29:36.693899,GOOGL,1052.4,18,B0067,S0068
T000943,2025-06-23 05:30:48.244334,GOOGL,987.55,223,B0067,S0034
T000633,2025-06-23 05:56:48.773506,TSLA,1244.94,203,B0066,S0046
T000257,2025-06-23 07:14:00.628024,AAPL,1020.65,114,B0064,S0024
T000451,2025-06-23 08:41:13.626383,GOOGL,1178.05,47,B0011,S0067
T000757,2025-06-23 09:11:35.597232,AAPL,1004.93,9,B0008,S0095
T000762,2025-06-23 10:15:09.642164,MSFT,1146.18,516,B0043,S0040
T000997,2025-06-23 10:42:29.899825,MSFT,598.1,827,B0057,S0058
T000860,2025-06-23 10:47:34.222292,AAPL,880.42,506,B0034,S0048
T000219,2025-06-23 11:39:02.113207,AAPL,505.79,941,B0062,S0022
T000314,2025-06-23 11:40:33.271966,AMZN,612.48,15,B0034,S0031
T000304,2025-06-23 14:25:52.893501,AMZN,1195.37,726,B0092,S0033
T000046,2025-06-23 16:43:02.688364,GOOGL,104.37,226,B0023,S0086
T000924,2025-06-23 17:18:00.043059,MSFT,442.5,986,B0047,S0077
T000850,2025-06-23 17:33:35.599818,GOOGL,225.73,19,B0055,S0091
T000809,2025-06-23 18:23:39.702621,GOOGL,1284.49,247,B0054,S0083
T000109,2025-06-23 18:38:50.528754,MSFT,1478.8,890,B0059,S0051
T000478,2025-06-23 19:07:05.605210,AAPL,1380.45,156,B0084,S0053
T000248,2025-06-23 19:40:49.733958,TSLA,280.9,244,B0010,S0056
T000216,2025-06-23 20:01:17.498127,GOOGL,1071.54,484,B0066,S0069
T000333,2025-06-23 20:43:29.515870,MSFT,1414.81,942,B0024,S0088
T000189,2025-06-23 21:37:12.466995,GOOGL,365.71,904,B0064,S0038
T000501,2025-06-23 21:38:22.416546,AAPL,1353.11,331,B0078,S0029
T000227,2025-06-23 22:03:20.089761,AAPL,101.63,53,B0049,S0097
T000343,2025-06-23 22:17:28.091942,GOOGL,600.34,159,B0050,S0059
T000083,2025-06-23 23:23:12.936974,GOOGL,1134.38,425,B0092,S0072
T000927,2025-06-24 00:07:45.204822,AAPL,264.85,669,B0042,S0086
T000137,2025-06-24 02:18:42.754313,GOOGL,464.95,846,B0026,S0035
T000716,2025-06-24 02:29:47.308490,GOOGL,694.09,991,B0038,S0025
T000609,2025-06-24 03:10:04.507696,MSFT,530.06,113,B0069,S0026
T000971,2025-06-24 03:28:48.761678,GOOGL,1071.39,795,B0062,S0079
T000789,2025-06-24 03:35:23.150024,GOOGL,1498.86,549,B0037,S0019
T000383,2025-06-24 04:43:45.681534,AMZN,264.66,846,B0020,S0041
T000104,2025-06-24 05:33:51.830353,AMZN,613.21,83,B0054,S0013
T000970,2025-06-24 05:37:28.540279,MSFT,1122.88,389,B0064,S0070
T000662,2025-06-24 07:07:46.150951,MSFT,1444.85,483,B0011,S0062
T000256,2025-06-24 07:18:46.388385,AAPL,163.54,948,B0052,S0076
T001000,2025-06-24 07:57:32.462590,AAPL,184.47,529,B0040,S0093
T000982,2025-06-24 08:06:39.775258,GOOGL,528.44,637,B0031,S0069
T000150,2025-06-24 10:49:08.413501,TSLA,557.12,445,B0079,S0074
T000712,2025-06-24 11:05:44.186645,MSFT,1281.78,837,B0067,S0045
T000554,2025-06-24 11:09:14.953311,MSFT,103.96,540,B0033,S0081
T000366,2025-06-24 11:47:39.702287,GOOGL,840.02,564,B0050,S0079
T000759,2025-06-24 13:21:14.383327,MSFT,1361.28,574,B0029,S0077
T000752,2025-06-24 15:09:44.482713,GOOGL,916.65,681,B0081,S0011
T000879,2025-06-24 15:57:56.152237,TSLA,714.21,988,B0039,S0011
T000001,2025-06-24 16:33:22.018661,MSFT,900.35,592,B0011,S0013
T000901,2025-06-24 17:09:26.830428,MSFT,409.45,724,B0051,S0002
T000190,2025-06-24 17:54:58.983842,AAPL,244.38,849,B0055,S0015
T000091,2025-06-24 18:21:56.350567,GOOGL,450.66,567,B0093,S0096
T000532,2025-06-24 18:43:15.578126,AMZN,650.94,846,B0023,S0020
T000278,2025-06-24 19:48:00.526476,TSLA,1420.32,500,B0073,S0023
T000285,2025-06-24 20:10:40.126016,AAPL,1230.86,194,B0020,S0082
T000291,2025-06-24 20:36:59.895515,GOOGL,496.19,653,B0005,S0063
T000438,2025-06-24 20:58:04.472754,AAPL,1007.72,697,B0026,S0072
T000141,2025-06-24 21:50:37.896799,AAPL,1089.78,92,B0091,S0038
T000726,2025-06-24 22:13:51.075574,TSLA,166.59,311,B0021,S0067
T000848,2025-06-24 22:55:52.659316,TSLA,204.76,830,B0018,S0027
T000810,2025-06-24 22:57:43.032766,MSFT,1045.14,882,B0093,S0006
T000690,2025-06-24 23:42:14.113635,AMZN,566.76,962,B0024,S0007
T000280,2025-06-25 00:22:32.463222,AAPL,1023.17,358,B0096,S0015
T000484,2025-06-25 00:54:13.324340,MSFT,1151.01,762,B0007,S0036
T000858,2025-06-25 00:55:26.929590,AAPL,480.62,820,B0057,S0090
T000302,2025-06-25 00:56:41.170269,GOOGL,1454.75,806,B0077,S0036
T000430,2025-06-25 01:22:15.091260,AMZN,1115.89,82,B0007,S0088
T000707,2025-06-25 01:33:34.829981,GOOGL,876.82,279,B0077,S0045
T000172,2025-06-25 01:51:32.795026,AMZN,304.1,615,B0060,S0087
T000817,2025-06-25 02:06:16.821921,AMZN,352.7,851,B0087,S0057
T000878,2025-06-25 02:11:02.497154,TSLA,393.29,524,B0037,S0088
T000542,2025-06-25 03:04:34.038633,AAPL,280.19,737,B0001,S0005
T000199,2025-06-25 03:37:59.754817,AAPL,462.57,339,B0082,S0078
T000288,2025-06-25 04:09:14.593405,AMZN,963.43,235,B0046,S0015
T000692,2025-06-25 04:11:40.699391,AMZN,1270.3,353,B0055,S0057
T000263,2025-06-25 04:51:50.725375,AMZN,329.02,188,B0031,S0016
T000475,2025-06-25 05:17:07.703241,AMZN,1094.71,593,B0064,S0069
T000894,2025-06-25 05:18:45.034538,TSLA,599.56,981,B0002,S0081
T000976,2025-06-25 06:08:20.021692,MSFT,1177.46,959,B0038,S0064
T000398,2025-06-25 06:30:52.764668,MSFT,200.04,459,B0047,S0022
T000163,2025-06-25 08:21:11.941447,TSLA,599.02,57,B0087,S0038
T000120,2025-06-25 08:56:49.778847,AAPL,1228.36,120,B0014,S0098
T000657,2025-06-25 09:06:33.246242,AMZN,784.04,360,B0015,S0044
T000186,2025-06-25 09:38:31.595480,GOOGL,644.5,252,B0077,S0049
T000367,2025-06-25 10:07:12.437386,TSLA,1497.29,910,B0022,S0024
T000040,2025-06-25 10:23:20.468748,MSFT,1052.81,461,B0049,S0035
T000086,2025-06-25 10:58:31.976165,TSLA,1424.88,168,B0068,S0053
T000423,2025-06-25 11:42:13.109339,AMZN,1359.89,790,B0001,S0065
T000369,2025-06-25 11:47:05.507080,TSLA,103.42,152,B0094,S0011
T000474,2025-06-25 12:31:14.335636,AMZN,421.73,845,B0080,S0086
T000464,2025-06-25 13:33:17.949228,AMZN,1414.18,374,B0022,S0016
T000772,2025-06-25 13:36:02.376944,AAPL,907.22,867,B0085,S0029
T000277,2025-06-25 14:40:03.872983,MSFT,911.03,866,B0030,S0004
T000059,2025-06-25 14:42:56.536505,AAPL,334.66,100,B0035,S0015
T000893,2025-06-25 15:00:56.400786,MSFT,127.55,726,B0059,S0018
T000180,2025-06-25 16:07:17.145740,GOOGL,267.11,962,B0041,S0038
T000021,2025-06-25 16:29:45.690381,MSFT,229.59,392,B0015,S0055
T000828,2025-06-25 17:07:18.227059,AAPL,984.3,626,B0028,S0022
T000170,2025-06-25 17:10:07.446125,MSFT,1177.08,392,B0057,S0077
T000592,2025-06-25 18:27:56.502386,AAPL,450.14,644,B0048,S0056
T000445,2025-06-25 19:15:26.219660,GOOGL,916.19,501,B0096,S0087
T000404,2025-06-25 19:18:37.839642,AAPL,1409.52,824,B0070,S0011
T000012,2025-06-25 19:42:46.561534,TSLA,929.86,634,B0018,S0017
T000457,2025-06-25 19:51:29.500662,GOOGL,706.84,203,B0004,S0029
T000590,2025-06-25 20:16:01.476545,AAPL,950.74,531,B0092,S0070
T000505,2025-06-25 21:11:56.571423,AMZN,875.43,266,B0013,S0074
T000983,2025-06-25 21:35:17.015255,AAPL,612.2,761,B0021,S0031
T000298,2025-06-25 22:07:54.296852,TSLA,985.18,557,B0074,S0071
T000481,2025-06-25 23:06:34.102123,AMZN,886.1,702,B0024,S0026
T000217,2025-06-25 23:54:52.124693,MSFT,358.49,290,B0001,S0099
T000339,2025-06-26 00:59:41.685379,MSFT,669.17,367,B0074,S0024
T000454,2025-06-26 01:25:28.176533,AAPL,768.74,583,B0048,S0039
T000635,2025-06-26 01:38:31.789084,GOOGL,393.88,589,B0006,S0043
T000740,2025-06-26 03:01:03.334731,TSLA,456.81,226,B0059,S0046
T000913,2025-06-26 03:55:13.352068,AAPL,1172.23,989,B0053,S0097
T000503,2025-06-26 04:39:44.761189,GOOGL,902.32,797,B0029,S0029
T000492,2025-06-26 04:49:34.303270,GOOGL,1361.45,807,B0064,S0021
T000710,2025-06-26 05:24:55.866629,AMZN,936.48,934,B0057,S0008
T000874,2025-06-26 05:52:31.561369,TSLA,1460.13,947,B0096,S0051
T000908,2025-06-26 06:05:10.597055,GOOGL,1388.53,625,B0082,S0022
T000052,2025-06-26 07:57:36.917992,AAPL,1287.92,314,B0083,S0036
T000770,2025-06-26 08:42:40.878567,AAPL,1038.95,929,B0074,S0018
T000909,2025-06-26 09:54:59.409480,TSLA,995.3,913,B0076,S0032
T000317,2025-06-26 10:00:47.584500,AAPL,1144.86,379,B0080,S0020
T000632,2025-06-26 10:31:09.987206,TSLA,748.94,27,B0003,S0038
T000730,2025-06-26 10:46:51.815848,AMZN,541.86,119,B0023,S0076
T000602,2025-06-26 10:52:07.462120,TSLA,412.48,920,B0094,S0011
T000584,2025-06-26 12:27:51.091678,MSFT,875.43,422,B0045,S0073
T000906,2025-06-26 13:24:47.309828,AAPL,1095.81,499,B0075,S0007
T000728,2025-06-26 13:33:37.122426,TSLA,373.07,424,B0062,S0014
T000942,2025-06-26 13:45:55.969883,GOOGL,1044.8,928,B0010,S0075
T000135,2025-06-26 13:49:15.573086,AMZN,651.51,576,B0037,S0021
T000773,2025-06-26 13:59:41.238534,MSFT,1454.05,499,B0018,S0085
T000785,2025-06-26 14:50:17.161321,AMZN,470.66,646,B0004,S0080
T000985,2025-06-26 14:57:24.156978,GOOGL,190.08,158,B0080,S0007
T000987,2025-06-26 14:58:19.832061,MSFT,855.31,767,B0036,S0062
T000890,2025-06-26 16:04:16.092071,TSLA,672.5,775,B0048,S0030
T000098,2025-06-26 18:06:06.722273,TSLA,320.9,256,B0075,S0028
T000547,2025-06-26 18:10:25.198668,AAPL,407.23,798,B0052,S0077
T000697,2025-06-26 19:56:31.710286,GOOGL,1456.59,497,B0003,S0023
T000533,2025-06-26 20:39:41.472335,AAPL,921.74,269,B0035,S0017
T000746,2025-06-26 20:58:28.036761,GOOGL,676.68,452,B0043,S0034
T000669,2025-06-26 21:41:15.383765,MSFT,369.1,396,B0032,S0094
T000350,2025-06-26 23:01:01.872168,AAPL,1407.18,411,B0039,S0034
T000419,2025-06-26 23:52:53.254232,TSLA,423.44,301,B0044,S0050
T000733,2025-06-27 00:05:30.457594,GOOGL,551.66,855,B0042,S0006
T000152,2025-06-27 03:04:13.458390,GOOGL,1207.93,637,B0060,S0055
T000269,2025-06-27 03:31:38.417372,AAPL,184.46,792,B0009,S0044
T000443,2025-06-27 04:03:12.573406,AAPL,1474.33,707,B0016,S0052
T000964,2025-06-27 05:49:08.139736,AAPL,1166.38,563,B0039,S0085
T000786,2025-06-27 06:26:47.176815,GOOGL,378.49,688,B0048,S0062
T000594,2025-06-27 06:57:17.285117,MSFT,770.77,517,B0034,S0032
T000250,2025-06-27 07:52:19.843432,AAPL,176.02,414,B0041,S0058
T000593,2025-06-27 08:14:15.631658,MSFT,582.92,332,B0061,S0083
T000378,2025-06-27 08:53:27.957651,MSFT,969.08,488,B0026,S0087
T000349,2025-06-27 09:56:37.044348,TSLA,649.18,318,B0063,S0098
T000852,2025-06-27 11:09:48.683197,MSFT,1051.48,314,B0012,S0069
T000709,2025-06-27 12:19:37.350356,TSLA,1210.1,118,B0035,S0040
T000347,2025-06-27 13:38:05.858905,MSFT,1342.28,246,B0096,S0083
T000679,2025-06-27 13:48:47.680760,MSFT,678.46,384,B0020,S0009
T000151,2025-06-27 13:59:48.413790,TSLA,190.27,429,B0078,S0065
T000386,2025-06-27 14:45:12.776530,AAPL,210.27,370,B0024,S0097
T000045,2025-06-27 15:24:36.348962,GOOGL,989.17,934,B0017,S0068
T000787,2025-06-27 16:50:12.312578,AMZN,488.48,944,B0017,S0086
T000755,2025-06-27 19:10:53.733083,AMZN,300.94,680,B0021,S0053
T000607,2025-06-27 19:31:57.982324,TSLA,621.82,202,B0070,S0053
T000019,2025-06-27 20:24:02.949498,GOOGL,148.39,819,B0053,S0093
T000073,2025-06-27 21:23:21.025710,TSLA,579.0,942,B0002,S0097
T000520,2025-06-27 22:40:10.803815,MSFT,1008.27,156,B0014,S0036
T000228,2025-06-27 22:59:56.628239,AAPL,464.13,485,B0024,S0020
T000038,2025-06-27 23:42:48.055493,GOOGL,125.4,358,B0056,S0088
T000796,2025-06-27 23:50:00.190641,MSFT,309.63,705,B0089,S0079
T000719,2025-06-28 00:05:45.640518,GOOGL,864.74,579,B0003,S0081
T000611,2025-06-28 01:18:05.432815,TSLA,226.17,454,B0067,S0040
T000756,2025-06-28 01:55:23.011350,MSFT,758.3,765,B0077,S0007
T000754,2025-06-28 02:07:37.329191,AMZN,868.03,319,B0081,S0026
T000847,2025-06-28 02:07:56.028028,TSLA,525.11,170,B0087,S0087
T000622,2025-06-28 02:35:04.294044,TSLA,540.64,20,B0002,S0087
T000310,2025-06-28 04:21:23.669347,GOOGL,604.44,315,B0080,S0055
T000244,2025-06-28 04:25:16.122964,AMZN,614.06,408,B0085,S0074
T000222,2025-06-28 06:40:00.756941,AAPL,370.76,874,B0033,S0062
T000251,2025-06-28 07:05:25.181489,MSFT,569.57,126,B0042,S0049
T000183,2025-06-28 08:32:45.539886,AMZN,1042.33,235,B0007,S0091
T000255,2025-06-28 08:56:03.439034,TSLA,1184.83,336,B0066,S0029
T000954,2025-06-28 09:03:00.538411,AAPL,608.65,279,B0069,S0094
T000261,2025-06-28 10:04:14.401251,AAPL,1314.63,29,B0004,S0024
T000944,2025-06-28 10:20:00.363782,GOOGL,1375.96,266,B0045,S0046
T000453,2025-06-28 11:01:50.079804,MSFT,1466.0,87,B0084,S0027
T000703,2025-06-28 11:06:21.660880,MSFT,1124.76,726,B0076,S0023
T000095,2025-06-28 11:47:20.812143,TSLA,306.92,975,B0072,S0057
T000171,2025-06-28 12:03:39.262346,AAPL,754.71,157,B0071,S0090
T000535,2025-06-28 12:14:07.938869,AMZN,1303.82,287,B0016,S0059
T000389,2025-06-28 13:49:54.764596,MSFT,498.74,716,B0098,S0068
T000191,2025-06-28 14:29:34.121499,MSFT,234.12,225,B0014,S0084
T000502,2025-06-28 15:03:00.498287,AMZN,962.7,136,B0044,S0042
T000292,2025-06-28 16:52:02.393425,AAPL,1401.02,811,B0031,S0025
T000823,2025-06-28 18:10:56.948746,MSFT,242.69,623,B0011,S0005
T000807,2025-06-28 18:29:54.131069,MSFT,1021.65,419,B0067,S0030
T000101,2025-06-28 19:16:31.449399,MSFT,174.06,472,B0026,S0099
T000429,2025-06-28 20:41:43.298585,AMZN,778.31,817,B0005,S0088
T000805,2025-06-28 21:34:25.260649,GOOGL,597.27,749,B0081,S0064
T000206,2025-06-28 21:43:58.509275,AMZN,1425.59,359,B0017,S0040
T000365,2025-06-28 22:09:15.410827,GOOGL,675.64,933,B0015,S0084
T000320,2025-06-28 22:22:18.968219,GOOGL,385.9,78,B0053,S0053
T000876,2025-06-28 23:53:56.019323,AAPL,585.42,391,B0033,S0015
T000822,2025-06-29 00:22:35.645396,MSFT,703.44,552,B0037,S0055
T000504,2025-06-29 01:47:36.722265,AMZN,396.34,463,B0090,S0007
T000751,2025-06-29 02:29:19.919595,AMZN,900.57,733,B0060,S0029
T000080,2025-06-29 02:49:05.352251,GOOGL,328.04,576,B0070,S0098
T000895,2025-06-29 03:33:57.655884,MSFT,352.65,613,B0092,S0016
T000455,2025-06-29 05:32:52.453187,AMZN,1448.87,154,B0015,S0078
T000525,2025-06-29 06:23:28.241605,MSFT,1119.73,418,B0052,S0032
T000107,2025-06-29 07:08:44.037901,GOOGL,322.08,166,B0006,S0065
T000832,2025-06-29 07:20:40.063409,GOOGL,385.87,417,B0076,S0027
T000428,2025-06-29 07:50:48.113100,GOOGL,821.0,724,B0072,S0032
T000203,2025-06-29 07:57:03.354813,GOOGL,109.98,313,B0050,S0033
T000327,2025-06-29 08:48:51.243325,GOOGL,131.68,37,B0015,S0077
T000591,2025-06-29 09:17:16.741328,AAPL,470.37,722,B0099,S0058
T000359,2025-06-29 09:48:06.058271,MSFT,1452.92,468,B0027,S0020
T000157,2025-06-29 10:24:10.223490,MSFT,173.93,36,B0021,S0052
T000643,2025-06-29 10:34:27.663137,AAPL,964.73,169,B0049,S0053
T000958,2025-06-29 10:51:51.121849,AMZN,1129.43,800,B0015,S0030
T000061,2025-06-29 12:19:55.461939,AMZN,826.25,488,B0017,S0054
T000246,2025-06-29 12:23:08.114229,AAPL,725.24,458,B0011,S0038
T000991,2025-06-29 12:30:07.813160,AMZN,530.86,107,B0069,S0025
T000910,2025-06-29 12:30:10.146210,GOOGL,1435.05,138,B0017,S0071
T000650,2025-06-29 12:52:29.439528,AMZN,251.03,557,B0026,S0074
T000634,2025-06-29 13:01:29.631409,GOOGL,1177.7,203,B0007,S0055
T000300,2025-06-29 13:22:20.942211,TSLA,1460.95,930,B0052,S0040
T000842,2025-06-29 13:52:31.225447,GOOGL,933.37,401,B0082,S0035
T000225,2025-06-29 14:27:53.135302,GOOGL,1323.91,758,B0011,S0033
T000724,2025-06-29 14:33:32.599919,GOOGL,609.87,342,B0057,S0072
T000446,2025-06-29 14:37:47.720519,AAPL,851.71,55,B0091,S0007
T000978,2025-06-29 14:39:30.376212,TSLA,1452.83,628,B0075,S0040
T000596,2025-06-29 14:53:54.837627,AMZN,880.08,228,B0085,S0001
T000815,2025-06-29 15:10:11.183705,AAPL,875.5,975,B0068,S0049
T000266,2025-06-29 16:16:20.661205,GOOGL,303.96,152,B0090,S0012
T000744,2025-06-29 16:54:38.527734,GOOGL,1173.3,692,B0055,S0021
T000072,2025-06-29 17:01:17.434166,GOOGL,976.51,157,B0037,S0023
T000922,2025-06-29 18:45:55.023777,AMZN,1424.08,840,B0094,S0013
T000838,2025-06-29 19:51:26.228548,AMZN,1454.09,482,B0012,S0026
T000312,2025-06-29 20:17:30.348244,MSFT,1272.45,870,B0032,S0099
T000684,2025-06-29 20:32:20.923452,GOOGL,483.07,744,B0016,S0046
T000883,2025-06-29 20:38:55.969668,MSFT,423.48,190,B0049,S0038
T000986,2025-06-29 21:42:56.779825,GOOGL,530.73,702,B0016,S0043
T000275,2025-06-29 22:33:11.542577,GOOGL,1478.63,667,B0081,S0050
T000588,2025-06-29 23:51:25.072456,GOOGL,804.56,960,B0004,S0032
