trade_id,timestamp,instrument,price,quantity,buyer_id,seller_id
2024_T00206,2024-01-01 06:11:24.381926,GOOGL,1361.37,237,B0012,S0076
2024_T00262,2024-01-01 21:56:38.328923,AMZN,1429.58,792,B0023,S0092
2024_T00170,2024-01-02 00:44:20.705915,TSLA,376.55,798,B0036,S0060
2024_T00413,2024-01-02 02:41:00.602480,AMZN,1431.13,650,B0017,S0031
2024_T00340,2024-01-03 01:26:26.715090,MSFT,1465.75,167,B0082,S0087
2024_T00329,2024-01-03 21:39:03.435876,TSLA,1164.88,678,B0047,S0046
2024_T00366,2024-01-05 10:58:16.684578,AMZN,630.18,895,B0012,S0031
2024_T00403,2024-01-05 12:44:59.324875,TSLA,526.77,28,B0039,S0096
2024_T00068,2024-01-05 19:39:06.145208,MSFT,1148.64,715,B0031,S0069
2024_T00221,2024-01-05 22:54:19.097893,AMZN,817.67,335,B0082,S0067
2024_T00313,2024-01-06 05:56:09.669720,TSLA,1328.14,301,B0097,S0059
2024_T00346,2024-01-06 09:44:56.040695,AAPL,1214.05,674,B0025,S0029
2024_T00428,2024-01-07 03:09:23.583830,GOOGL,288.11,546,B0054,S0003
2024_T00379,2024-01-09 13:42:27.789554,MSFT,625.88,99,B0083,S0047
2024_T00267,2024-01-09 19:57:05.458608,MSFT,118.6,822,B0092,S0044
2024_T00430,2024-01-09 21:17:47.613827,AAPL,1007.14,800,B0012,S0070
2024_T00424,2024-01-10 10:02:12.364916,AAPL,571.91,531,B0061,S0026
2024_T00106,2024-01-11 05:07:35.562134,GOOGL,1145.62,478,B0010,S0082
2024_T00283,2024-01-11 05:13:36.182154,GOOGL,173.63,121,B0002,S0010
2024_T00265,2024-01-11 07:18:31.996597,AAPL,170.16,499,B0021,S0033
2024_T00368,2024-01-11 17:01:11.626982,TSLA,958.39,856,B0057,S0048
2024_T00195,2024-01-12 01:12:05.837415,TSLA,420.22,138,B0066,S0006
2024_T00282,2024-01-12 21:59:32.842152,GOOGL,1045.12,212,B0023,S0044
2024_T00279,2024-01-13 15:39:18.999035,TSLA,1117.09,314,B0037,S0075
2024_T00386,2024-01-15 02:44:36.760649,MSFT,1051.92,630,B0037,S0058
2024_T00120,2024-01-17 09:13:04.590524,AMZN,814.51,647,B0038,S0043
2024_T00100,2024-01-18 11:06:44.467010,AAPL,1491.11,551,B0032,S0082
2024_T00205,2024-01-18 20:48:22.712197,TSLA,1362.75,963,B0091,S0036
2024_T00202,2024-01-20 15:00:03.140151,MSFT,342.62,571,B0075,S0003
2024_T00415,2024-01-21 03:50:19.063951,MSFT,1103.07,221,B0067,S0005
2024_T00096,2024-01-21 18:00:00.320200,AAPL,860.33,709,B0097,S0001
2024_T00131,2024-01-21 19:48:09.722147,GOOGL,1303.34,252,B0072,S0020
2024_T00016,2024-01-22 23:20:57.152122,AAPL,421.92,962,B0080,S0001
2024_T00133,2024-01-23 14:56:00.053410,MSFT,1331.28,228,B0029,S0047
2024_T00055,2024-01-23 17:28:20.594939,GOOGL,1348.06,916,B0049,S0010
2024_T00459,2024-01-25 01:03:44.460968,GOOGL,1235.85,825,B0050,S0099
2024_T00076,2024-01-26 01:23:51.200597,AAPL,1227.26,840,B0003,S0065
2024_T00443,2024-01-26 15:55:56.210435,GOOGL,591.5,82,B0039,S0015
2024_T00160,2024-01-29 03:19:26.919410,AMZN,740.65,906,B0070,S0027
2024_T00112,2024-01-29 10:41:42.485993,AMZN,1456.49,28,B0006,S0044
2024_T00435,2024-01-29 19:26:49.006828,GOOGL,765.57,187,B0075,S0080
2024_T00118,2024-01-30 02:52:03.395412,AMZN,939.19,757,B0013,S0034
2024_T00333,2024-01-30 06:20:00.545145,AMZN,1371.71,36,B0081,S0067
2024_T00359,2024-01-30 16:05:40.437304,TSLA,281.19,497,B0096,S0065
2024_T00347,2024-01-31 06:50:33.755628,MSFT,1444.63,217,B0024,S0087
2024_T00211,2024-02-01 16:52:24.223712,AMZN,1202.79,428,B0052,S0006
2024_T00235,2024-02-01 18:16:50.336093,AAPL,129.87,339,B0093,S0075
2024_T00422,2024-02-01 22:27:16.226155,GOOGL,1137.67,840,B0023,S0019
2024_T00107,2024-02-02 03:20:33.593748,GOOGL,598.98,291,B0068,S0096
2024_T00003,2024-02-02 03:23:06.911369,AMZN,219.78,117,B0026,S0038
2024_T00308,2024-02-02 03:52:05.272724,AAPL,1255.77,707,B0066,S0024
2024_T00409,2024-02-02 19:15:08.105274,MSFT,653.04,314,B0041,S0079
2024_T00008,2024-02-02 20:07:05.331897,GOOGL,786.5,411,B0018,S0057
2024_T00126,2024-02-02 21:11:46.642281,MSFT,127.28,918,B0097,S0020
2024_T00137,2024-02-03 00:51:19.854101,TSLA,216.39,156,B0023,S0045
2024_T00326,2024-02-03 12:28:02.591880,AMZN,406.11,577,B0005,S0023
2024_T00229,2024-02-04 02:05:08.926526,AMZN,991.89,768,B0063,S0090
2024_T00019,2024-02-04 05:16:07.714211,AAPL,312.43,857,B0048,S0046
2024_T00269,2024-02-05 01:23:23.450076,TSLA,1235.37,745,B0085,S0025
2024_T00179,2024-02-06 14:18:43.846627,AMZN,1497.46,827,B0080,S0085
2024_T00039,2024-02-06 15:57:52.562289,GOOGL,829.17,220,B0029,S0033
2024_T00465,2024-02-06 19:52:12.347719,TSLA,373.6,272,B0023,S0015
2024_T00162,2024-02-07 13:11:12.941927,MSFT,213.61,419,B0032,S0098
2024_T00093,2024-02-07 21:49:56.673454,AAPL,1046.7,232,B0084,S0081
2024_T00370,2024-02-10 10:55:45.304579,GOOGL,445.79,114,B0028,S0037
2024_T00089,2024-02-10 15:25:57.045774,AMZN,881.51,307,B0087,S0083
2024_T00213,2024-02-11 02:37:30.976028,MSFT,599.36,272,B0071,S0060
2024_T00263,2024-02-12 02:56:06.855070,AMZN,826.18,456,B0054,S0071
2024_T00129,2024-02-12 04:57:43.403280,TSLA,1109.49,649,B0091,S0066
2024_T00104,2024-02-12 13:43:13.359662,MSFT,1049.38,839,B0029,S0076
2024_T00375,2024-02-13 02:45:46.657966,AMZN,1403.88,581,B0030,S0079
2024_T00471,2024-02-14 05:09:35.162827,MSFT,268.47,785,B0036,S0077
2024_T00275,2024-02-14 12:59:40.985701,MSFT,1210.73,972,B0012,S0038
2024_T00024,2024-02-15 03:47:23.431238,AMZN,573.93,117,B0093,S0026
2024_T00165,2024-02-15 15:06:20.223431,AAPL,196.48,333,B0057,S0067
2024_T00377,2024-02-15 16:03:36.617145,MSFT,948.44,616,B0040,S0046
2024_T00451,2024-02-16 09:02:12.474780,TSLA,1301.75,597,B0014,S0073
2024_T00491,2024-02-16 16:00:29.331283,TSLA,524.85,403,B0089,S0014
2024_T00222,2024-02-17 20:09:32.741362,MSFT,696.57,209,B0035,S0031
2024_T00270,2024-02-18 20:52:49.564786,GOOGL,611.42,894,B0036,S0093
2024_T00384,2024-02-19 14:53:00.575598,AMZN,1255.84,460,B0044,S0001
2024_T00157,2024-02-20 19:28:42.291459,TSLA,1405.38,66,B0041,S0030
2024_T00485,2024-02-23 05:40:36.602134,AAPL,206.73,244,B0013,S0033
2024_T00216,2024-02-25 14:23:35.584263,AAPL,788.08,366,B0095,S0089
2024_T00210,2024-02-25 20:39:23.905177,GOOGL,180.98,853,B0002,S0008
2024_T00253,2024-02-26 08:49:25.907124,TSLA,1086.36,350,B0093,S0020
2024_T00051,2024-02-27 23:11:39.525075,MSFT,563.61,490,B0057,S0090
2024_T00337,2024-02-28 15:51:38.899684,GOOGL,672.1,6,B0081,S0018
2024_T00276,2024-02-29 02:50:03.332786,MSFT,486.14,966,B0059,S0030
2024_T00450,2024-02-29 04:27:39.160830,MSFT,1308.12,193,B0031,S0068
2024_T00158,2024-02-29 15:02:47.356543,TSLA,416.06,945,B0092,S0072
2024_T00147,2024-02-29 15:36:40.428831,TSLA,537.96,669,B0020,S0092
2024_T00208,2024-02-29 16:34:11.173529,AAPL,1079.49,331,B0029,S0044
2024_T00420,2024-03-01 07:41:53.850360,MSFT,1402.79,678,B0003,S0023
2024_T00374,2024-03-01 18:30:08.119041,AAPL,371.66,268,B0072,S0077
2024_T00025,2024-03-01 20:40:51.582689,AMZN,438.52,48,B0040,S0094
2024_T00011,2024-03-02 15:39:25.212837,MSFT,563.26,405,B0085,S0042
2024_T00489,2024-03-03 02:22:50.078412,AAPL,1330.81,894,B0011,S0059
2024_T00141,2024-03-04 02:25:28.069970,AMZN,1210.66,604,B0055,S0039
2024_T00404,2024-03-04 06:00:33.648917,GOOGL,145.24,869,B0063,S0099
2024_T00302,2024-03-05 22:20:55.589767,AMZN,1322.76,950,B0099,S0098
2024_T00172,2024-03-06 04:02:30.416237,GOOGL,432.07,486,B0042,S0052
2024_T00268,2024-03-08 01:27:43.276141,AAPL,786.81,611,B0053,S0024
2024_T00191,2024-03-08 07:54:58.086928,GOOGL,773.31,95,B0039,S0082
2024_T00201,2024-03-08 13:56:31.937941,MSFT,962.04,194,B0035,S0096
2024_T00046,2024-03-08 19:33:59.749117,AMZN,1441.6,775,B0007,S0055
2024_T00123,2024-03-09 01:58:33.814178,GOOGL,1181.03,605,B0056,S0004
2024_T00255,2024-03-09 09:30:17.349979,TSLA,1488.49,806,B0051,S0053
2024_T00254,2024-03-11 10:30:20.375330,MSFT,1444.24,149,B0011,S0052
2024_T00257,2024-03-11 12:20:42.033397,GOOGL,260.29,109,B0029,S0010
2024_T00284,2024-03-11 21:08:37.586732,GOOGL,1059.23,202,B0052,S0056
2024_T00142,2024-03-14 00:03:47.319622,GOOGL,1282.2,175,B0049,S0066
2024_T00198,2024-03-14 03:06:28.136451,MSFT,859.63,265,B0042,S0042
2024_T00305,2024-03-14 12:17:37.134229,AMZN,335.15,451,B0056,S0049
2024_T00412,2024-03-15 14:02:20.644768,AAPL,850.77,644,B0059,S0071
2024_T00461,2024-03-15 14:49:53.370266,TSLA,1430.76,373,B0084,S0050
2024_T00448,2024-03-22 01:34:41.592781,TSLA,431.29,972,B0070,S0031
2024_T00050,2024-03-23 01:59:58.722442,MSFT,1115.34,106,B0046,S0026
2024_T00187,2024-03-23 04:10:03.370060,TSLA,1161.87,759,B0090,S0061
2024_T00245,2024-03-24 01:16:51.356472,AAPL,107.64,949,B0053,S0028
2024_T00094,2024-03-24 04:28:03.846194,TSLA,209.78,425,B0046,S0030
2024_T00056,2024-03-24 07:29:48.866004,TSLA,1059.61,890,B0075,S0045
2024_T00153,2024-03-25 00:59:41.048341,AAPL,677.93,368,B0092,S0034
2024_T00161,2024-03-26 13:04:15.997231,MSFT,1092.03,299,B0069,S0036
2024_T00125,2024-03-26 15:39:30.570176,AAPL,1288.2,586,B0061,S0028
2024_T00233,2024-03-29 13:50:29.112114,GOOGL,353.71,194,B0043,S0088
2024_T00084,2024-03-30 03:55:18.253358,AAPL,638.58,561,B0009,S0091
2024_T00440,2024-03-30 05:54:08.765566,AMZN,1412.19,965,B0082,S0068
2024_T00289,2024-03-30 15:30:49.874500,TSLA,1401.65,456,B0066,S0068
2024_T00411,2024-03-30 22:40:28.850769,AAPL,790.7,848,B0029,S0076
2024_T00488,2024-03-31 02:23:09.393054,GOOGL,1436.35,998,B0070,S0071
2024_T00171,2024-04-01 14:44:43.379229,AAPL,1182.23,323,B0035,S0036
2024_T00348,2024-04-02 21:10:26.475974,MSFT,1359.13,97,B0017,S0019
2024_T00460,2024-04-04 11:01:51.923926,MSFT,1360.49,577,B0057,S0055
2024_T00353,2024-04-05 00:39:36.923284,AMZN,860.87,107,B0035,S0094
2024_T00298,2024-04-06 11:34:16.956676,AAPL,1149.84,909,B0072,S0079
2024_T00274,2024-04-06 14:44:33.319608,TSLA,1353.93,768,B0072,S0075
2024_T00006,2024-04-07 06:00:03.525941,MSFT,619.21,495,B0067,S0062
2024_T00480,2024-04-07 10:13:42.879078,AAPL,422.83,170,B0020,S0093
2024_T00324,2024-04-09 05:54:46.255004,GOOGL,1033.34,632,B0028,S0086
2024_T00427,2024-04-10 04:36:44.823061,TSLA,470.03,284,B0068,S0076
2024_T00357,2024-04-11 08:44:07.950407,AMZN,992.72,667,B0004,S0035
2024_T00204,2024-04-11 10:58:18.474425,AAPL,1230.27,678,B0039,S0081
2024_T00184,2024-04-12 01:38:26.199767,AMZN,1046.42,807,B0004,S0041
2024_T00339,2024-04-12 15:43:40.735364,AMZN,799.51,306,B0080,S0061
2024_T00232,2024-04-12 20:50:14.597448,AMZN,114.91,180,B0061,S0088
2024_T00444,2024-04-13 06:00:00.901611,MSFT,526.3,820,B0028,S0078
2024_T00044,2024-04-15 00:58:53.875398,GOOGL,447.56,643,B0082,S0010
2024_T00121,2024-04-15 18:54:33.748078,AMZN,1498.12,754,B0061,S0021
2024_T00218,2024-04-16 08:17:05.674973,AAPL,749.42,239,B0099,S0038
2024_T00393,2024-04-16 21:52:38.502189,MSFT,207.52,964,B0006,S0036
2024_T00266,2024-04-17 11:06:09.855317,GOOGL,376.75,17,B0049,S0025
2024_T00387,2024-04-18 22:38:22.301901,MSFT,673.3,553,B0073,S0044
2024_T00391,2024-04-20 02:20:28.959022,TSLA,715.19,639,B0028,S0088
2024_T00168,2024-04-21 01:21:10.959095,AMZN,339.22,651,B0019,S0069
2024_T00341,2024-04-21 02:10:58.563060,MSFT,915.14,774,B0059,S0020
2024_T00239,2024-04-21 13:28:07.818783,AMZN,180.04,852,B0088,S0089
2024_T00036,2024-04-21 14:02:12.847334,GOOGL,1433.49,438,B0027,S0075
2024_T00288,2024-04-21 18:09:36.213217,AAPL,542.23,786,B0058,S0069
2024_T00154,2024-04-22 05:04:19.347287,AMZN,1301.0,684,B0009,S0012
2024_T00385,2024-04-23 11:20:20.896127,GOOGL,1459.91,493,B0060,S0024
2024_T00035,2024-04-24 07:20:39.143169,AMZN,1164.83,476,B0035,S0034
2024_T00372,2024-04-25 15:17:01.414132,MSFT,796.59,837,B0066,S0064
2024_T00139,2024-04-26 19:49:14.554259,MSFT,963.57,970,B0009,S0029
2024_T00219,2024-04-28 02:00:29.015853,TSLA,419.93,865,B0084,S0033
2024_T00091,2024-05-01 22:40:27.449639,AAPL,1325.68,718,B0054,S0039
2024_T00188,2024-05-02 14:20:15.759255,MSFT,494.31,195,B0067,S0071
2024_T00317,2024-05-03 00:25:42.000696,GOOGL,1229.93,627,B0072,S0083
2024_T00395,2024-05-03 15:45:06.232807,AAPL,1226.53,607,B0057,S0036
2024_T00059,2024-05-03 15:49:33.323755,MSFT,563.12,897,B0078,S0003
2024_T00380,2024-05-04 07:49:00.320685,TSLA,1106.67,128,B0064,S0006
2024_T00394,2024-05-04 09:08:15.258911,AMZN,1484.44,696,B0018,S0051
2024_T00406,2024-05-04 22:39:26.757134,MSFT,514.06,917,B0016,S0098
2024_T00042,2024-05-04 22:54:19.781583,GOOGL,1117.56,447,B0048,S0029
2024_T00227,2024-05-05 03:55:46.203083,AAPL,829.22,326,B0052,S0061
2024_T00453,2024-05-08 19:04:00.653243,TSLA,165.97,272,B0044,S0013
2024_T00429,2024-05-09 08:48:47.515082,MSFT,330.61,137,B0008,S0024
2024_T00296,2024-05-10 07:46:14.119996,AAPL,469.52,753,B0078,S0093
2024_T00212,2024-05-10 12:43:37.374688,AMZN,911.38,961,B0061,S0078
2024_T00475,2024-05-10 21:08:00.757873,GOOGL,1247.77,761,B0096,S0020
2024_T00185,2024-05-14 07:14:30.257826,MSFT,1243.98,657,B0076,S0071
2024_T00077,2024-05-14 20:35:56.793710,TSLA,420.24,443,B0018,S0006
2024_T00295,2024-05-15 08:52:55.440832,TSLA,1136.82,580,B0079,S0044
2024_T00349,2024-05-16 23:19:40.097575,AAPL,143.79,92,B0089,S0029
2024_T00342,2024-05-17 03:35:49.550255,AAPL,573.05,25,B0071,S0065
2024_T00438,2024-05-18 06:43:21.819407,AAPL,297.24,606,B0030,S0006
2024_T00252,2024-05-19 02:34:04.077134,TSLA,1250.5,572,B0053,S0077
2024_T00013,2024-05-19 11:07:33.723149,TSLA,640.83,664,B0011,S0037
2024_T00111,2024-05-19 12:40:43.461980,AAPL,389.86,894,B0007,S0062
2024_T00065,2024-05-20 04:38:28.082183,MSFT,1137.63,583,B0040,S0078
2024_T00132,2024-05-20 16:31:37.761291,GOOGL,1405.5,801,B0060,S0090
2024_T00176,2024-05-21 02:16:48.338903,AMZN,368.99,79,B0064,S0078
2024_T00163,2024-05-21 04:55:11.472960,AMZN,451.21,19,B0030,S0099
2024_T00492,2024-05-22 19:57:30.714803,AAPL,723.31,671,B0011,S0015
2024_T00143,2024-05-23 04:11:09.559207,AAPL,1460.31,916,B0008,S0040
2024_T00053,2024-05-25 00:22:14.986443,AMZN,552.11,925,B0039,S0047
2024_T00316,2024-05-26 01:55:19.678426,AAPL,1063.51,32,B0073,S0020
2024_T00473,2024-05-26 16:42:13.742044,GOOGL,694.82,484,B0088,S0034
2024_T00482,2024-05-27 03:12:20.016628,AMZN,384.63,245,B0024,S0019
2024_T00249,2024-05-27 04:22:28.361853,AMZN,863.28,72,B0061,S0061
2024_T00251,2024-05-28 17:52:58.169869,TSLA,800.19,210,B0066,S0090
2024_T00355,2024-05-30 05:42:50.138385,AMZN,755.11,523,B0089,S0093
2024_T00244,2024-06-01 22:57:55.772768,TSLA,1263.71,891,B0035,S0090
2024_T00109,2024-06-02 01:34:54.998960,TSLA,950.22,96,B0025,S0008
2024_T00307,2024-06-02 09:29:32.083856,GOOGL,1231.15,531,B0019,S0062
2024_T00052,2024-06-03 00:16:01.525619,AAPL,1433.06,545,B0057,S0092
2024_T00102,2024-06-03 11:37:35.963817,MSFT,1057.46,562,B0045,S0063
2024_T00043,2024-06-04 12:48:43.557834,AAPL,407.52,934,B0052,S0033
2024_T00338,2024-06-05 00:11:04.001450,GOOGL,947.88,24,B0065,S0042
2024_T00437,2024-06-05 15:14:47.691427,TSLA,796.69,51,B0027,S0079
2024_T00099,2024-06-06 01:51:43.854435,GOOGL,1169.61,867,B0054,S0041
2024_T00303,2024-06-06 05:30:40.102032,GOOGL,457.89,466,B0038,S0004
2024_T00038,2024-06-06 18:47:34.795008,GOOGL,1427.57,127,B0069,S0063
2024_T00073,2024-06-06 20:07:58.523253,AMZN,1340.58,574,B0012,S0093
2024_T00273,2024-06-07 07:35:52.239736,TSLA,371.85,646,B0085,S0005
2024_T00021,2024-06-09 22:07:47.091108,TSLA,1412.93,638,B0042,S0028
2024_T00116,2024-06-11 14:11:19.647043,AMZN,1034.14,57,B0020,S0014
2024_T00369,2024-06-12 17:47:55.311258,TSLA,136.32,552,B0040,S0040
2024_T00058,2024-06-12 19:56:57.036380,AAPL,1140.09,989,B0004,S0014
2024_T00203,2024-06-12 21:20:49.046420,GOOGL,298.84,676,B0081,S0037
2024_T00183,2024-06-13 09:20:47.093912,AMZN,183.99,275,B0010,S0077
2024_T00423,2024-06-13 18:12:18.122967,TSLA,1117.52,201,B0022,S0039
2024_T00031,2024-06-13 18:45:46.180247,AMZN,343.89,979,B0011,S0028
2024_T00080,2024-06-14 12:03:51.585085,GOOGL,700.93,98,B0052,S0067
2024_T00470,2024-06-14 23:33:58.532390,GOOGL,214.54,26,B0070,S0078
2024_T00164,2024-06-15 17:19:23.264994,MSFT,1043.47,678,B0071,S0006
2024_T00108,2024-06-17 00:22:23.333343,GOOGL,232.76,424,B0027,S0030
2024_T00200,2024-06-17 05:46:25.728094,AAPL,997.31,711,B0044,S0089
2024_T00113,2024-06-17 23:24:48.378707,AAPL,863.17,579,B0073,S0002
2024_T00138,2024-06-18 07:51:29.540537,AMZN,1495.71,311,B0085,S0032
2024_T00462,2024-06-19 00:03:26.018420,AMZN,1436.09,111,B0026,S0060
2024_T00300,2024-06-19 12:55:17.514521,MSFT,113.8,448,B0074,S0089
2024_T00064,2024-06-20 03:53:31.058981,MSFT,656.71,732,B0051,S0057
2024_T00402,2024-06-21 13:29:08.872721,MSFT,118.79,264,B0023,S0099
2024_T00455,2024-06-21 14:28:34.883366,GOOGL,289.55,326,B0067,S0043
2024_T00301,2024-06-25 09:57:57.293677,TSLA,1474.67,153,B0076,S0078
2024_T00319,2024-06-26 05:21:45.181027,AAPL,1140.22,347,B0078,S0006
2024_T00476,2024-06-27 04:43:08.605661,MSFT,1213.35,597,B0019,S0051
2024_T00457,2024-06-30 22:12:35.620827,GOOGL,860.71,961,B0065,S0079
2024_T00426,2024-06-30 23:52:45.135170,AMZN,1421.77,564,B0059,S0033
2024_T00331,2024-07-01 14:56:11.013521,TSLA,381.86,997,B0067,S0013
2024_T00186,2024-07-01 22:16:12.720409,TSLA,1130.69,551,B0020,S0042
2024_T00363,2024-07-01 23:34:15.312742,AMZN,346.68,182,B0043,S0059
2024_T00007,2024-07-02 05:52:31.024069,AAPL,283.78,911,B0088,S0035
2024_T00458,2024-07-04 01:23:48.496579,AAPL,352.1,744,B0045,S0046
2024_T00299,2024-07-05 05:24:33.314024,GOOGL,488.06,625,B0047,S0085
2024_T00072,2024-07-05 16:47:14.386661,MSFT,521.44,906,B0038,S0042
2024_T00101,2024-07-08 23:29:53.280603,AMZN,453.06,956,B0092,S0008
2024_T00469,2024-07-09 10:08:36.363751,MSFT,1006.45,393,B0014,S0084
2024_T00487,2024-07-09 12:21:43.185151,AAPL,108.09,277,B0061,S0061
2024_T00361,2024-07-09 13:18:45.290920,MSFT,190.7,317,B0090,S0064
2024_T00246,2024-07-09 23:04:04.133829,AMZN,171.53,160,B0083,S0010
2024_T00012,2024-07-10 11:19:05.078712,AMZN,1211.25,353,B0030,S0063
2024_T00392,2024-07-11 02:58:59.064015,TSLA,1119.01,760,B0042,S0041
2024_T00223,2024-07-11 10:56:13.247308,AAPL,235.59,874,B0067,S0011
2024_T00258,2024-07-12 08:12:57.932085,AMZN,416.87,621,B0054,S0063
2024_T00156,2024-07-13 06:57:30.357441,TSLA,887.38,620,B0040,S0083
2024_T00088,2024-07-14 06:18:25.907501,AAPL,459.24,512,B0092,S0011
2024_T00287,2024-07-14 09:56:09.193901,AAPL,275.63,908,B0017,S0077
2024_T00416,2024-07-14 18:01:01.527964,TSLA,1240.17,554,B0026,S0018
2024_T00140,2024-07-16 07:18:15.889724,TSLA,377.07,383,B0031,S0046
2024_T00177,2024-07-17 13:30:49.748410,GOOGL,977.48,329,B0073,S0046
2024_T00285,2024-07-17 17:59:27.577275,GOOGL,339.18,232,B0009,S0017
2024_T00297,2024-07-18 15:05:33.854251,TSLA,768.23,723,B0024,S0002
2024_T00145,2024-07-18 15:52:28.640805,GOOGL,467.59,663,B0065,S0067
2024_T00034,2024-07-21 02:30:31.034115,MSFT,1211.81,640,B0036,S0056
2024_T00360,2024-07-22 06:45:20.738262,MSFT,506.96,737,B0013,S0006
2024_T00190,2024-07-22 21:24:19.961736,AMZN,1021.78,569,B0030,S0027
2024_T00441,2024-07-23 20:28:34.019596,MSFT,497.19,497,B0035,S0018
2024_T00230,2024-07-23 22:42:29.537977,GOOGL,426.65,597,B0065,S0095
2024_T00241,2024-07-24 07:55:41.515567,TSLA,494.41,874,B0025,S0024
2024_T00237,2024-07-25 04:26:35.362787,AAPL,443.78,634,B0083,S0078
2024_T00135,2024-07-25 12:45:51.843401,GOOGL,1482.05,963,B0021,S0031
2024_T00181,2024-07-27 01:32:27.408923,AAPL,908.19,137,B0022,S0099
2024_T00486,2024-07-27 07:57:28.824426,GOOGL,1484.92,747,B0040,S0096
2024_T00066,2024-07-27 09:55:35.162000,TSLA,1409.7,675,B0057,S0049
2024_T00312,2024-07-28 09:19:44.705145,GOOGL,908.33,142,B0031,S0091
2024_T00169,2024-07-28 15:27:17.069208,GOOGL,169.59,547,B0012,S0005
2024_T00281,2024-07-28 17:36:01.693005,GOOGL,584.19,855,B0092,S0074
2024_T00231,2024-07-29 15:26:40.543487,TSLA,815.87,743,B0088,S0072
2024_T00425,2024-07-29 22:58:50.219598,GOOGL,1470.96,484,B0019,S0040
2024_T00033,2024-07-30 00:19:24.089017,GOOGL,683.8,911,B0065,S0051
2024_T00238,2024-07-30 03:19:25.315612,AAPL,1465.21,156,B0047,S0043
2024_T00220,2024-08-01 18:04:21.003873,AMZN,1272.64,415,B0011,S0066
2024_T00032,2024-08-02 02:59:20.235879,AMZN,153.37,134,B0068,S0076
2024_T00344,2024-08-03 07:48:05.559862,GOOGL,944.01,803,B0013,S0051
2024_T00144,2024-08-06 02:57:47.293616,TSLA,142.97,144,B0081,S0029
2024_T00134,2024-08-06 17:33:44.671807,AMZN,966.89,931,B0071,S0069
2024_T00049,2024-08-08 13:39:14.451994,GOOGL,767.63,780,B0071,S0030
2024_T00481,2024-08-08 18:35:37.451468,TSLA,637.53,212,B0041,S0062
2024_T00466,2024-08-09 09:07:34.406059,GOOGL,182.11,934,B0067,S0071
2024_T00399,2024-08-09 23:56:00.945150,AAPL,1295.09,430,B0021,S0041
2024_T00272,2024-08-10 07:07:28.093971,GOOGL,1355.0,282,B0071,S0055
2024_T00483,2024-08-11 05:11:57.862842,AAPL,262.2,493,B0094,S0035
2024_T00010,2024-08-12 22:22:45.859666,AAPL,1415.66,153,B0004,S0090
2024_T00311,2024-08-13 13:28:30.912438,AMZN,273.47,244,B0052,S0050
2024_T00236,2024-08-14 16:22:36.130734,GOOGL,149.72,155,B0051,S0063
2024_T00327,2024-08-15 21:14:27.397529,MSFT,518.92,17,B0023,S0077
2024_T00351,2024-08-15 23:21:05.866532,MSFT,588.0,880,B0085,S0001
2024_T00148,2024-08-18 13:15:46.648134,GOOGL,682.38,695,B0060,S0035
2024_T00490,2024-08-20 23:03:55.458526,TSLA,713.02,667,B0020,S0048
2024_T00371,2024-08-20 23:33:20.226798,GOOGL,430.61,271,B0040,S0054
2024_T00350,2024-08-21 06:50:00.980371,AAPL,1391.02,92,B0095,S0073
2024_T00009,2024-08-22 02:55:31.259389,MSFT,1186.53,540,B0008,S0011
2024_T00215,2024-08-22 07:23:07.467008,MSFT,548.45,807,B0062,S0038
2024_T00087,2024-08-22 07:42:56.991620,TSLA,1179.08,600,B0018,S0027
2024_T00242,2024-08-23 07:37:22.349314,AMZN,754.22,550,B0064,S0091
2024_T00365,2024-08-24 19:36:43.531177,AMZN,928.04,975,B0033,S0051
2024_T00014,2024-08-25 03:56:08.719154,TSLA,1123.16,597,B0089,S0054
2024_T00496,2024-08-26 09:49:28.229610,AMZN,1310.71,825,B0028,S0040
2024_T00309,2024-08-26 23:11:29.537375,AAPL,1085.74,913,B0023,S0074
2024_T00017,2024-08-28 17:43:34.950525,AAPL,556.91,835,B0041,S0012
2024_T00105,2024-08-28 20:50:36.353464,AMZN,867.53,9,B0097,S0045
2024_T00079,2024-08-29 12:50:03.375408,TSLA,1135.9,138,B0006,S0010
2024_T00325,2024-08-30 21:22:02.016904,AAPL,543.35,367,B0052,S0099
2024_T00343,2024-08-31 11:35:16.133447,AAPL,1317.9,721,B0067,S0021
2024_T00136,2024-09-01 09:42:45.945786,GOOGL,1116.6,456,B0091,S0027
2024_T00493,2024-09-03 00:11:01.693482,MSFT,280.66,575,B0048,S0080
2024_T00401,2024-09-03 07:10:58.002301,AAPL,502.77,460,B0081,S0012
2024_T00048,2024-09-03 11:24:53.355191,AMZN,557.08,762,B0084,S0062
2024_T00167,2024-09-04 14:21:13.562211,MSFT,551.91,437,B0009,S0081
2024_T00376,2024-09-05 14:27:31.146765,GOOGL,997.23,494,B0065,S0026
2024_T00452,2024-09-05 22:59:44.506117,MSFT,1443.53,421,B0014,S0015
2024_T00023,2024-09-06 18:00:07.490685,AAPL,1142.14,299,B0022,S0066
2024_T00439,2024-09-07 02:36:29.567625,AMZN,1425.45,175,B0094,S0054
2024_T00041,2024-09-07 17:37:31.087452,TSLA,477.78,936,B0007,S0072
2024_T00407,2024-09-08 13:59:38.350166,TSLA,388.01,275,B0071,S0042
2024_T00085,2024-09-10 17:23:55.712871,MSFT,935.14,816,B0077,S0072
2024_T00114,2024-09-10 19:59:54.968700,TSLA,1415.61,709,B0013,S0051
2024_T00421,2024-09-11 22:38:39.703804,AAPL,1069.77,789,B0088,S0091
2024_T00261,2024-09-15 07:23:20.934305,AMZN,1358.34,954,B0026,S0033
2024_T00182,2024-09-15 19:43:13.490811,AAPL,345.99,75,B0026,S0004
2024_T00310,2024-09-17 00:18:35.582068,MSFT,1037.21,223,B0036,S0033
2024_T00196,2024-09-18 09:52:18.756672,TSLA,921.45,232,B0070,S0059
2024_T00396,2024-09-20 10:58:10.611713,TSLA,398.32,638,B0048,S0069
2024_T00127,2024-09-20 12:43:46.727738,GOOGL,263.63,922,B0068,S0020
2024_T00207,2024-09-20 16:30:48.999532,AAPL,1212.99,798,B0048,S0032
2024_T00464,2024-09-21 00:56:22.757301,TSLA,925.59,913,B0022,S0026
2024_T00026,2024-09-23 07:32:48.635014,AMZN,1046.58,527,B0065,S0016
2024_T00193,2024-09-23 16:14:32.575735,MSFT,465.64,914,B0024,S0004
2024_T00478,2024-09-24 08:26:44.577455,AAPL,831.95,951,B0097,S0025
2024_T00130,2024-09-24 11:50:46.661958,TSLA,1460.52,167,B0084,S0083
2024_T00290,2024-09-24 20:55:14.197670,TSLA,1241.61,807,B0036,S0084
2024_T00497,2024-09-26 08:45:10.192630,AAPL,1479.8,486,B0005,S0020
2024_T00027,2024-09-26 09:29:16.754753,AAPL,502.0,801,B0036,S0002
2024_T00248,2024-09-26 21:17:53.580937,AMZN,1152.51,122,B0025,S0046
2024_T00436,2024-09-27 02:04:01.606546,MSFT,890.84,481,B0039,S0069
2024_T00408,2024-09-27 09:07:47.344003,GOOGL,1124.49,165,B0018,S0094
2024_T00054,2024-09-27 11:28:40.350174,AAPL,1491.46,241,B0021,S0056
2024_T00061,2024-09-28 05:30:35.769941,MSFT,1415.0,315,B0039,S0090
2024_T00330,2024-09-29 01:35:01.634961,GOOGL,518.5,212,B0096,S0026
2024_T00332,2024-09-29 04:58:45.714207,AMZN,503.2,666,B0042,S0003
2024_T00173,2024-09-29 17:26:59.478609,GOOGL,1059.67,483,B0009,S0065
2024_T00389,2024-10-01 10:29:30.323599,MSFT,591.83,965,B0057,S0037
2024_T00060,2024-10-02 00:36:51.578749,AAPL,423.16,546,B0098,S0071
2024_T00149,2024-10-02 07:20:40.029910,MSFT,901.67,862,B0055,S0075
2024_T00119,2024-10-02 14:03:24.744423,GOOGL,248.3,514,B0092,S0028
2024_T00419,2024-10-03 02:08:49.857278,TSLA,1084.33,15,B0093,S0036
2024_T00090,2024-10-04 08:59:29.235746,AMZN,1208.16,320,B0013,S0021
2024_T00397,2024-10-04 13:15:57.737125,TSLA,226.44,726,B0009,S0009
2024_T00314,2024-10-07 22:34:22.925293,TSLA,1309.96,363,B0037,S0037
2024_T00128,2024-10-08 13:23:15.411293,MSFT,117.55,722,B0072,S0079
2024_T00092,2024-10-09 04:52:16.638283,GOOGL,912.53,464,B0071,S0001
2024_T00240,2024-10-09 06:28:58.675235,TSLA,1259.18,824,B0061,S0079
2024_T00030,2024-10-09 16:19:46.894752,AMZN,1475.62,851,B0061,S0049
2024_T00364,2024-10-10 06:11:57.969794,AAPL,1341.12,268,B0021,S0037
2024_T00362,2024-10-10 17:31:17.873477,GOOGL,105.24,358,B0044,S0016
2024_T00071,2024-10-11 08:03:38.064071,AAPL,1066.61,663,B0071,S0002
2024_T00334,2024-10-12 00:32:01.900556,MSFT,1002.1,476,B0008,S0031
2024_T00293,2024-10-13 05:44:41.363452,TSLA,1486.02,638,B0020,S0066
2024_T00356,2024-10-13 10:23:03.455910,TSLA,1082.61,86,B0014,S0030
2024_T00454,2024-10-15 06:04:34.702290,AMZN,966.02,872,B0081,S0076
2024_T00159,2024-10-15 18:44:58.580753,MSFT,395.12,478,B0071,S0071
2024_T00390,2024-10-16 22:56:25.227625,GOOGL,493.19,991,B0099,S0050
2024_T00124,2024-10-17 05:57:39.424022,MSFT,1420.85,232,B0074,S0050
2024_T00479,2024-10-17 11:20:15.243996,MSFT,326.89,707,B0035,S0040
2024_T00304,2024-10-17 15:59:02.184651,AMZN,1411.25,229,B0051,S0067
2024_T00280,2024-10-17 20:16:47.382941,TSLA,327.95,928,B0026,S0020
2024_T00028,2024-10-18 14:30:44.387333,TSLA,1485.51,441,B0029,S0032
2024_T00456,2024-10-18 18:16:05.219117,TSLA,295.21,363,B0094,S0028
2024_T00352,2024-10-19 09:12:11.374676,TSLA,292.58,207,B0091,S0074
2024_T00472,2024-10-19 10:21:27.549973,GOOGL,458.06,258,B0073,S0025
2024_T00117,2024-10-20 13:15:12.815338,GOOGL,1155.03,737,B0084,S0031
2024_T00321,2024-10-21 04:28:36.972458,AAPL,1431.09,476,B0026,S0075
2024_T00318,2024-10-23 22:48:28.189498,GOOGL,312.12,546,B0069,S0027
2024_T00103,2024-10-24 01:16:58.206512,AMZN,641.89,373,B0057,S0087
2024_T00098,2024-10-24 17:13:49.410485,TSLA,1041.08,32,B0098,S0010
2024_T00432,2024-10-24 23:33:21.464064,AAPL,1236.06,696,B0094,S0001
2024_T00152,2024-10-25 01:15:21.444904,AMZN,901.22,117,B0025,S0012
2024_T00447,2024-10-25 05:30:04.963189,TSLA,896.85,582,B0011,S0010
2024_T00082,2024-10-25 05:34:33.990933,AMZN,1093.51,672,B0079,S0096
2024_T00047,2024-10-26 12:37:03.104976,TSLA,1396.51,273,B0067,S0051
2024_T00320,2024-10-26 18:59:26.045337,AAPL,1329.61,537,B0006,S0058
2024_T00259,2024-10-26 22:43:46.760793,GOOGL,541.39,363,B0034,S0047
2024_T00045,2024-10-29 12:15:07.033393,AMZN,242.97,627,B0094,S0023
2024_T00286,2024-10-30 01:22:35.147764,GOOGL,434.99,345,B0025,S0031
2024_T00442,2024-10-30 22:19:55.484671,AAPL,973.81,311,B0008,S0061
2024_T00037,2024-11-01 16:46:12.689495,MSFT,1388.69,325,B0087,S0002
2024_T00417,2024-11-01 19:25:25.924118,AAPL,1200.04,936,B0056,S0004
2024_T00020,2024-11-02 02:54:27.306066,MSFT,588.32,50,B0030,S0090
2024_T00174,2024-11-03 08:33:10.063442,MSFT,1311.88,382,B0044,S0095
2024_T00067,2024-11-03 18:08:56.022198,MSFT,1351.64,456,B0076,S0001
2024_T00367,2024-11-04 08:09:18.001252,TSLA,1221.99,796,B0088,S0069
2024_T00498,2024-11-04 08:30:32.601079,GOOGL,364.65,401,B0025,S0039
2024_T00074,2024-11-05 00:02:03.093172,GOOGL,119.57,127,B0075,S0018
2024_T00278,2024-11-06 10:01:58.169551,AAPL,892.65,535,B0022,S0006
2024_T00446,2024-11-07 09:27:30.926179,GOOGL,153.55,284,B0072,S0067
2024_T00449,2024-11-09 04:08:07.788373,AMZN,1402.57,754,B0065,S0068
2024_T00247,2024-11-09 09:39:24.536696,AMZN,274.34,149,B0030,S0092
2024_T00175,2024-11-09 22:15:12.708983,MSFT,895.5,745,B0078,S0085
2024_T00189,2024-11-10 17:59:54.552583,MSFT,895.54,657,B0087,S0001
2024_T00292,2024-11-11 09:38:47.582820,MSFT,878.06,897,B0042,S0088
2024_T00494,2024-11-11 13:33:38.281639,GOOGL,626.66,356,B0075,S0004
2024_T00250,2024-11-11 14:23:33.630397,AMZN,1298.54,527,B0023,S0002
2024_T00146,2024-11-11 17:47:05.372713,MSFT,1269.69,306,B0032,S0006
2024_T00277,2024-11-13 08:38:43.541046,TSLA,965.86,679,B0048,S0080
2024_T00323,2024-11-13 16:45:24.789360,GOOGL,1297.78,987,B0042,S0083
2024_T00294,2024-11-13 17:44:51.553180,AAPL,1074.84,835,B0039,S0053
2024_T00445,2024-11-13 20:07:46.718336,MSFT,475.03,871,B0027,S0078
2024_T00388,2024-11-13 21:09:32.591215,TSLA,333.93,91,B0060,S0022
2024_T00166,2024-11-14 06:56:00.143210,MSFT,201.69,599,B0035,S0081
2024_T00291,2024-11-14 12:07:53.539699,GOOGL,643.91,134,B0078,S0003
2024_T00194,2024-11-14 15:55:31.638908,TSLA,110.84,364,B0060,S0067
2024_T00474,2024-11-16 18:22:12.797342,TSLA,777.75,798,B0035,S0047
2024_T00468,2024-11-17 13:49:11.304814,TSLA,869.99,342,B0047,S0007
2024_T00400,2024-11-19 23:48:35.739523,MSFT,148.58,73,B0070,S0035
2024_T00081,2024-11-20 08:28:25.068159,MSFT,135.6,508,B0031,S0043
2024_T00335,2024-11-21 09:14:14.282744,TSLA,968.15,563,B0096,S0016
2024_T00192,2024-11-21 20:06:46.558847,TSLA,179.88,473,B0074,S0007
2024_T00122,2024-11-23 02:45:27.708167,MSFT,537.44,81,B0050,S0035
2024_T00018,2024-11-23 19:56:19.286166,AMZN,638.28,779,B0076,S0061
2024_T00433,2024-11-23 22:40:03.936425,AAPL,547.73,57,B0065,S0068
2024_T00398,2024-11-24 08:43:35.143831,MSFT,226.44,99,B0036,S0004
2024_T00354,2024-11-24 10:48:11.485122,AMZN,1108.74,720,B0031,S0009
2024_T00500,2024-11-24 16:34:27.908508,GOOGL,768.89,867,B0067,S0050
2024_T00336,2024-11-25 06:58:43.572921,AAPL,1123.91,563,B0043,S0005
2024_T00260,2024-11-26 04:45:55.129154,MSFT,1421.6,440,B0032,S0072
2024_T00115,2024-11-27 02:05:39.227449,MSFT,1081.3,100,B0086,S0025
2024_T00057,2024-11-28 10:49:01.206967,AAPL,1386.49,643,B0077,S0092
2024_T00029,2024-11-28 19:26:58.103227,AMZN,425.2,305,B0065,S0006
2024_T00434,2024-11-28 19:58:30.617990,MSFT,916.9,238,B0045,S0037
2024_T00228,2024-11-28 23:49:46.516736,AAPL,580.71,741,B0019,S0085
2024_T00063,2024-11-29 01:33:34.879834,AAPL,795.05,551,B0078,S0035
2024_T00199,2024-11-30 09:37:42.285143,AAPL,1019.69,746,B0029,S0037
2024_T00306,2024-11-30 10:36:19.308221,MSFT,1068.67,328,B0085,S0022
2024_T00484,2024-11-30 15:32:16.676760,MSFT,411.69,686,B0066,S0045
2024_T00005,2024-12-02 00:48:02.205473,MSFT,551.8,772,B0057,S0032
2024_T00001,2024-12-02 11:52:50.491818,TSLA,817.64,894,B0098,S0053
2024_T00477,2024-12-02 21:41:29.059319,TSLA,272.07,29,B0049,S0070
2024_T00418,2024-12-03 15:47:55.908369,AAPL,767.75,42,B0031,S0046
2024_T00095,2024-12-04 20:24:59.423426,AAPL,1172.69,670,B0027,S0041
2024_T00463,2024-12-05 01:10:01.845518,AAPL,740.23,874,B0082,S0067
2024_T00382,2024-12-05 18:43:55.575682,TSLA,1320.88,849,B0016,S0078
2024_T00224,2024-12-06 07:00:38.979959,TSLA,1262.3,451,B0028,S0067
2024_T00097,2024-12-06 16:49:07.264727,AMZN,1393.71,917,B0072,S0062
2024_T00383,2024-12-07 13:50:14.255658,MSFT,1271.9,660,B0055,S0040
2024_T00040,2024-12-07 21:34:50.480423,MSFT,812.68,75,B0053,S0049
2024_T00234,2024-12-08 06:38:54.029963,MSFT,1327.45,689,B0001,S0013
2024_T00358,2024-12-09 19:46:58.323492,AAPL,1175.79,80,B0049,S0045
2024_T00431,2024-12-10 14:14:02.614206,AAPL,690.94,331,B0028,S0038
2024_T00083,2024-12-10 23:24:52.074587,MSFT,1481.89,111,B0081,S0006
2024_T00256,2024-12-11 14:02:09.743390,GOOGL,285.51,210,B0028,S0074
2024_T00315,2024-12-12 17:59:21.314016,GOOGL,134.68,587,B0059,S0003
2024_T00378,2024-12-13 08:24:55.719519,MSFT,266.09,912,B0036,S0015
2024_T00322,2024-12-13 23:05:03.857532,AMZN,1463.62,369,B0008,S0061
2024_T00271,2024-12-15 03:46:32.894731,AMZN,1149.95,431,B0082,S0080
2024_T00178,2024-12-15 15:31:30.699281,GOOGL,984.81,334,B0046,S0001
2024_T00062,2024-12-15 20:50:38.352669,AAPL,1432.32,755,B0098,S0007
2024_T00070,2024-12-17 03:11:44.589802,GOOGL,1488.69,192,B0002,S0099
2024_T00015,2024-12-17 11:59:17.807264,MSFT,1067.07,336,B0009,S0042
2024_T00151,2024-12-17 22:43:39.435844,AMZN,459.38,94,B0027,S0051
2024_T00004,2024-12-18 02:26:50.157647,AMZN,1169.28,401,B0091,S0024
2024_T00180,2024-12-18 14:10:40.952475,MSFT,972.91,875,B0061,S0043
2024_T00110,2024-12-19 10:50:12.617830,AMZN,356.35,39,B0066,S0057
2024_T00243,2024-12-20 05:34:12.743648,GOOGL,853.89,560,B0063,S0048
2024_T00217,2024-12-20 15:11:29.936558,AAPL,1177.72,359,B0095,S0037
2024_T00405,2024-12-21 11:06:15.520322,MSFT,1429.25,633,B0088,S0083
2024_T00226,2024-12-22 21:15:31.485482,TSLA,213.84,885,B0025,S0092
2024_T00086,2024-12-22 23:18:27.354495,AMZN,1014.06,561,B0022,S0045
2024_T00410,2024-12-23 12:56:00.858300,TSLA,1425.35,462,B0093,S0062
2024_T00155,2024-12-23 23:05:58.740250,MSFT,164.32,74,B0036,S0021
2024_T00214,2024-12-24 09:58:30.986959,MSFT,257.9,54,B0084,S0064
2024_T00328,2024-12-24 18:59:46.269490,MSFT,321.87,597,B0078,S0047
2024_T00499,2024-12-25 06:51:01.002535,TSLA,645.55,166,B0011,S0043
2024_T00075,2024-12-25 14:02:53.133765,AAPL,182.29,724,B0043,S0035
2024_T00078,2024-12-25 14:20:28.306514,GOOGL,878.81,822,B0070,S0079
2024_T00495,2024-12-25 18:13:42.330843,MSFT,1212.09,210,B0093,S0055
2024_T00414,2024-12-26 01:38:41.512392,MSFT,1006.44,816,B0049,S0025
2024_T00022,2024-12-26 04:30:32.616417,MSFT,119.26,18,B0021,S0021
2024_T00209,2024-12-28 02:57:18.336794,TSLA,1203.22,8,B0039,S0011
2024_T00264,2024-12-28 22:06:49.111151,GOOGL,205.57,836,B0086,S0074
2024_T00150,2024-12-29 14:19:41.209032,GOOGL,125.61,617,B0012,S0074
2024_T00467,2024-12-29 18:06:04.784691,TSLA,361.31,73,B0089,S0019
2024_T00381,2024-12-29 19:15:16.438129,GOOGL,933.92,568,B0082,S0007
2024_T00002,2024-12-30 06:36:52.287761,MSFT,194.83,889,B0068,S0023
2024_T00069,2024-12-31 04:53:40.766216,TSLA,930.66,909,B0018,S0010
2024_T00345,2024-12-31 05:54:51.824476,GOOGL,786.08,855,B0076,S0093
2024_T00373,2024-12-31 13:25:02.723310,MSFT,267.73,205,B0072,S0036
2024_T00197,2024-12-31 21:01:44.355591,GOOGL,551.74,11,B0073,S0080
2024_T00225,2024-12-31 22:53:00.009837,TSLA,1237.74,747,B0083,S0082
