trade_id,timestamp,instrument,price,quantity,buyer_id,seller_id
2023_T00405,2023-01-01 03:46:37.686718,AMZN,140.02,350,B0047,S0030
2023_T00283,2023-01-01 11:55:47.142886,GOOGL,494.14,605,B0068,S0026
2023_T00096,2023-01-01 23:50:23.462933,MSFT,201.87,934,B0048,S0089
2023_T00100,2023-01-02 11:05:57.739078,AMZN,545.05,23,B0018,S0003
2023_T00235,2023-01-02 23:22:10.636062,AAPL,1114.6,228,B0049,S0068
2023_T00009,2023-01-04 02:03:19.987700,GOOGL,683.68,410,B0074,S0084
2023_T00351,2023-01-05 12:42:37.056666,AMZN,779.49,937,B0089,S0051
2023_T00218,2023-01-05 20:24:59.999173,AAPL,219.1,320,B0063,S0002
2023_T00101,2023-01-05 21:27:55.696968,GOOGL,279.05,342,B0088,S0054
2023_T00116,2023-01-06 00:12:52.862810,MSFT,739.08,866,B0046,S0091
2023_T00420,2023-01-06 03:43:58.854376,MSFT,336.0,365,B0040,S0032
2023_T00240,2023-01-06 10:16:40.037201,MSFT,168.42,678,B0086,S0073
2023_T00183,2023-01-07 15:55:34.689211,GOOGL,737.62,769,B0067,S0045
2023_T00431,2023-01-07 20:40:56.481731,MSFT,798.99,983,B0032,S0024
2023_T00368,2023-01-08 14:31:40.885062,MSFT,884.72,977,B0058,S0089
2023_T00036,2023-01-08 23:49:25.004026,MSFT,1066.55,380,B0058,S0004
2023_T00414,2023-01-09 04:46:15.780610,MSFT,1318.29,986,B0079,S0029
2023_T00263,2023-01-09 20:06:17.705606,AAPL,151.34,385,B0092,S0070
2023_T00344,2023-01-11 06:33:38.195243,AMZN,786.51,923,B0012,S0033
2023_T00450,2023-01-11 13:31:14.292240,AMZN,147.02,941,B0019,S0061
2023_T00493,2023-01-11 18:30:18.314211,MSFT,1187.04,88,B0084,S0089
2023_T00174,2023-01-11 23:30:32.617073,AMZN,1317.09,23,B0062,S0077
2023_T00461,2023-01-12 23:06:18.316440,MSFT,370.94,506,B0056,S0006
2023_T00456,2023-01-15 01:56:15.144511,MSFT,617.13,830,B0057,S0093
2023_T00408,2023-01-15 08:39:33.413125,AAPL,411.15,863,B0079,S0018
2023_T00011,2023-01-15 22:31:51.383846,AAPL,607.72,567,B0033,S0066
2023_T00019,2023-01-16 08:08:50.729953,TSLA,218.66,88,B0014,S0099
2023_T00254,2023-01-17 20:06:13.071364,AAPL,976.59,115,B0014,S0096
2023_T00457,2023-01-18 15:55:25.805370,AAPL,697.1,166,B0008,S0005
2023_T00140,2023-01-18 21:01:04.588561,GOOGL,1048.01,918,B0063,S0038
2023_T00129,2023-01-19 23:15:19.142124,TSLA,977.5,170,B0041,S0088
2023_T00350,2023-01-20 00:38:17.185137,AMZN,1240.53,238,B0026,S0063
2023_T00306,2023-01-21 05:01:46.965939,TSLA,341.03,162,B0068,S0066
2023_T00147,2023-01-21 05:15:56.193244,AMZN,379.01,222,B0017,S0060
2023_T00338,2023-01-21 10:43:18.435982,GOOGL,1123.54,868,B0043,S0020
2023_T00168,2023-01-21 14:17:18.855871,MSFT,993.65,149,B0014,S0099
2023_T00321,2023-01-22 00:15:17.665134,AAPL,580.52,952,B0059,S0009
2023_T00366,2023-01-23 01:16:43.870037,MSFT,300.95,340,B0034,S0072
2023_T00391,2023-01-23 06:50:18.940277,TSLA,1494.39,579,B0024,S0054
2023_T00097,2023-01-23 15:05:33.765279,AMZN,985.81,552,B0087,S0037
2023_T00070,2023-01-23 23:25:36.097246,AMZN,372.99,685,B0086,S0099
2023_T00196,2023-01-24 02:06:31.886200,AMZN,409.26,649,B0061,S0057
2023_T00265,2023-01-24 18:04:35.330248,AAPL,707.78,54,B0030,S0065
2023_T00387,2023-01-25 08:41:08.674081,GOOGL,668.0,199,B0017,S0064
2023_T00084,2023-01-25 14:12:22.293886,MSFT,1440.73,717,B0099,S0074
2023_T00370,2023-01-26 01:47:17.260505,TSLA,192.75,649,B0079,S0062
2023_T00398,2023-01-26 21:57:10.552922,AMZN,739.75,826,B0025,S0051
2023_T00275,2023-01-27 04:12:57.297492,AAPL,876.28,417,B0046,S0061
2023_T00296,2023-01-27 09:33:25.105236,MSFT,345.48,821,B0028,S0031
2023_T00128,2023-01-28 06:14:44.892117,MSFT,1208.34,530,B0064,S0078
2023_T00406,2023-01-28 13:39:23.775100,GOOGL,1394.0,296,B0091,S0013
2023_T00322,2023-01-29 16:28:54.679586,TSLA,448.76,194,B0003,S0058
2023_T00027,2023-01-29 21:47:46.843686,GOOGL,146.04,575,B0082,S0029
2023_T00160,2023-01-30 04:36:04.823195,TSLA,718.07,507,B0053,S0066
2023_T00203,2023-01-31 17:11:08.720460,TSLA,482.0,115,B0060,S0079
2023_T00291,2023-01-31 21:49:38.172954,AAPL,998.28,163,B0003,S0074
2023_T00081,2023-02-01 22:19:21.835766,GOOGL,559.96,237,B0060,S0025
2023_T00437,2023-02-02 11:31:11.907429,AAPL,843.77,58,B0046,S0018
2023_T00467,2023-02-03 09:17:49.500678,GOOGL,943.53,233,B0068,S0013
2023_T00211,2023-02-03 14:02:05.693074,TSLA,233.76,110,B0070,S0006
2023_T00170,2023-02-04 04:11:06.579847,AAPL,851.1,47,B0050,S0005
2023_T00090,2023-02-04 06:50:21.236700,TSLA,1476.29,984,B0027,S0026
2023_T00341,2023-02-04 18:19:45.354951,TSLA,1355.17,317,B0025,S0070
2023_T00428,2023-02-04 19:14:28.653728,TSLA,844.84,495,B0083,S0031
2023_T00208,2023-02-05 05:16:12.720852,GOOGL,830.51,134,B0044,S0015
2023_T00197,2023-02-06 01:55:59.779860,AAPL,116.73,515,B0008,S0041
2023_T00159,2023-02-07 00:02:24.397165,TSLA,694.77,928,B0063,S0077
2023_T00412,2023-02-08 20:22:33.348876,MSFT,219.52,809,B0003,S0048
2023_T00311,2023-02-09 20:40:35.585234,AMZN,460.62,775,B0060,S0095
2023_T00076,2023-02-11 06:39:04.986778,AMZN,1324.54,593,B0045,S0033
2023_T00382,2023-02-12 13:58:34.732948,TSLA,1307.2,326,B0001,S0020
2023_T00130,2023-02-13 10:17:54.358900,AMZN,528.83,461,B0035,S0034
2023_T00164,2023-02-15 10:37:41.447233,AMZN,573.78,848,B0016,S0032
2023_T00342,2023-02-16 19:18:13.945683,TSLA,1197.32,139,B0018,S0070
2023_T00331,2023-02-17 02:30:01.933424,TSLA,1140.37,462,B0010,S0099
2023_T00144,2023-02-17 10:56:01.615574,AMZN,578.8,459,B0024,S0070
2023_T00357,2023-02-17 11:22:22.702699,MSFT,1448.42,572,B0090,S0008
2023_T00016,2023-02-18 08:33:22.753199,AMZN,793.93,446,B0058,S0021
2023_T00443,2023-02-18 12:55:15.315414,AMZN,835.0,606,B0054,S0084
2023_T00152,2023-02-18 23:08:56.713492,MSFT,1349.28,587,B0072,S0068
2023_T00245,2023-02-18 23:53:58.907876,MSFT,571.15,585,B0048,S0061
2023_T00258,2023-02-19 00:27:34.431416,TSLA,301.21,82,B0026,S0041
2023_T00401,2023-02-19 07:55:41.990810,AAPL,322.79,178,B0012,S0090
2023_T00429,2023-02-19 12:51:34.022969,AAPL,1322.19,34,B0047,S0072
2023_T00465,2023-02-21 14:35:17.525147,GOOGL,845.14,242,B0004,S0053
2023_T00207,2023-02-22 04:53:45.511512,MSFT,378.9,859,B0066,S0086
2023_T00074,2023-02-23 03:46:59.385852,AMZN,762.33,137,B0078,S0033
2023_T00372,2023-02-23 17:24:28.041897,GOOGL,1065.7,583,B0072,S0063
2023_T00251,2023-02-23 22:38:40.869216,TSLA,1132.58,872,B0051,S0021
2023_T00025,2023-02-24 20:54:27.232405,AAPL,478.04,704,B0092,S0065
2023_T00118,2023-02-25 05:40:06.612485,GOOGL,204.89,722,B0001,S0063
2023_T00458,2023-02-25 16:32:31.897091,TSLA,235.6,542,B0076,S0085
2023_T00282,2023-02-26 16:28:58.177429,AMZN,989.3,280,B0051,S0057
2023_T00495,2023-02-26 20:44:31.979807,GOOGL,124.34,174,B0016,S0061
2023_T00138,2023-02-26 21:51:01.404212,AMZN,295.46,130,B0090,S0008
2023_T00111,2023-02-26 23:52:47.888588,AAPL,723.93,543,B0036,S0042
2023_T00108,2023-02-27 17:05:37.739700,GOOGL,255.81,248,B0004,S0011
2023_T00224,2023-02-28 02:37:15.346172,AMZN,495.56,545,B0002,S0051
2023_T00432,2023-02-28 02:54:57.929734,MSFT,802.21,5,B0052,S0005
2023_T00292,2023-02-28 08:39:46.233568,TSLA,1005.54,183,B0038,S0001
2023_T00053,2023-02-28 16:56:14.189437,GOOGL,1230.43,184,B0045,S0053
2023_T00134,2023-03-01 20:54:43.344549,TSLA,150.21,438,B0047,S0053
2023_T00356,2023-03-02 01:48:22.828013,GOOGL,913.61,47,B0051,S0060
2023_T00466,2023-03-02 04:46:36.402961,AMZN,1424.14,972,B0032,S0096
2023_T00480,2023-03-03 06:20:10.432004,MSFT,431.16,430,B0051,S0024
2023_T00060,2023-03-03 07:23:15.725459,AAPL,534.56,100,B0046,S0097
2023_T00127,2023-03-05 10:15:42.217772,AAPL,422.24,970,B0037,S0041
2023_T00259,2023-03-06 08:20:43.672820,AMZN,220.29,34,B0081,S0082
2023_T00181,2023-03-07 02:43:25.220465,TSLA,1270.05,754,B0099,S0055
2023_T00244,2023-03-07 11:23:34.450062,TSLA,385.08,898,B0064,S0048
2023_T00058,2023-03-07 16:58:39.204000,AAPL,715.29,622,B0073,S0097
2023_T00187,2023-03-07 20:20:04.198909,AAPL,888.12,100,B0021,S0095
2023_T00436,2023-03-10 09:23:33.251856,AMZN,497.55,785,B0003,S0058
2023_T00078,2023-03-11 07:39:32.138622,AAPL,1100.81,203,B0080,S0039
2023_T00394,2023-03-12 04:49:13.074673,GOOGL,1272.73,215,B0093,S0064
2023_T00198,2023-03-12 08:13:15.749192,AMZN,1232.99,362,B0073,S0087
2023_T00319,2023-03-12 23:29:41.956327,GOOGL,1410.11,780,B0085,S0063
2023_T00489,2023-03-15 02:04:14.336542,GOOGL,907.65,752,B0093,S0056
2023_T00358,2023-03-15 13:39:39.299782,AAPL,877.16,92,B0048,S0093
2023_T00161,2023-03-16 09:09:15.172740,GOOGL,1104.46,618,B0062,S0060
2023_T00241,2023-03-16 13:07:35.941157,AAPL,747.07,739,B0076,S0087
2023_T00162,2023-03-17 00:51:42.900530,AAPL,967.19,246,B0038,S0096
2023_T00033,2023-03-17 17:37:33.057911,MSFT,655.63,27,B0065,S0097
2023_T00126,2023-03-19 03:01:05.445865,AAPL,250.31,364,B0034,S0059
2023_T00308,2023-03-19 20:43:21.412262,MSFT,271.23,607,B0067,S0028
2023_T00132,2023-03-20 01:19:45.801268,TSLA,1223.29,785,B0089,S0073
2023_T00202,2023-03-20 05:03:52.922083,TSLA,685.2,872,B0077,S0008
2023_T00063,2023-03-20 16:22:54.696425,TSLA,620.86,184,B0013,S0010
2023_T00095,2023-03-22 19:26:01.926250,GOOGL,148.69,416,B0036,S0005
2023_T00381,2023-03-23 07:01:10.658286,TSLA,922.37,72,B0054,S0074
2023_T00122,2023-03-24 19:06:54.974022,GOOGL,907.91,655,B0084,S0045
2023_T00409,2023-03-25 02:49:49.155378,GOOGL,337.26,247,B0053,S0039
2023_T00325,2023-03-25 16:50:02.672072,MSFT,569.26,707,B0032,S0088
2023_T00471,2023-03-25 17:37:39.427428,AMZN,1068.23,157,B0064,S0071
2023_T00375,2023-03-25 17:56:26.213426,MSFT,1039.65,61,B0027,S0020
2023_T00042,2023-03-26 03:46:18.108843,AAPL,108.85,12,B0041,S0071
2023_T00407,2023-03-26 04:12:08.822628,AMZN,444.06,620,B0027,S0056
2023_T00201,2023-03-27 05:15:05.813847,AAPL,1486.09,821,B0084,S0017
2023_T00121,2023-03-27 10:53:27.341107,AAPL,1029.0,557,B0001,S0051
2023_T00250,2023-03-28 02:44:07.585559,TSLA,1007.59,300,B0029,S0045
2023_T00186,2023-03-28 08:42:28.429264,AAPL,1270.93,947,B0052,S0095
2023_T00226,2023-03-28 08:52:40.612777,TSLA,1208.02,385,B0054,S0024
2023_T00362,2023-03-29 09:31:43.029484,AMZN,1246.61,714,B0091,S0025
2023_T00049,2023-03-29 23:58:18.596187,GOOGL,1472.67,692,B0076,S0093
2023_T00274,2023-03-30 13:30:52.316511,AAPL,648.38,425,B0083,S0055
2023_T00177,2023-03-30 22:44:22.440016,TSLA,295.99,889,B0009,S0050
2023_T00045,2023-03-31 04:49:47.534069,MSFT,185.42,621,B0065,S0063
2023_T00491,2023-03-31 07:56:59.797293,GOOGL,1450.96,530,B0072,S0059
2023_T00307,2023-04-02 06:42:57.684214,AMZN,961.15,237,B0051,S0041
2023_T00371,2023-04-02 10:56:13.577108,AMZN,379.43,934,B0080,S0010
2023_T00323,2023-04-03 08:11:53.706190,AAPL,580.44,571,B0058,S0003
2023_T00227,2023-04-04 01:10:13.391750,AMZN,422.12,669,B0026,S0043
2023_T00280,2023-04-04 08:14:03.815118,AAPL,1315.19,621,B0090,S0076
2023_T00330,2023-04-04 22:50:29.591097,AAPL,670.11,893,B0099,S0061
2023_T00445,2023-04-05 14:00:40.118511,AAPL,1068.68,200,B0058,S0028
2023_T00221,2023-04-06 01:18:13.111316,GOOGL,838.59,441,B0044,S0011
2023_T00228,2023-04-06 02:27:06.380925,AMZN,827.29,880,B0048,S0078
2023_T00039,2023-04-06 08:24:55.085865,TSLA,261.4,962,B0004,S0064
2023_T00304,2023-04-06 20:58:30.412372,AAPL,1376.63,986,B0073,S0095
2023_T00150,2023-04-07 16:47:29.968366,AMZN,1339.9,166,B0093,S0008
2023_T00498,2023-04-08 11:02:24.636709,GOOGL,785.79,441,B0038,S0060
2023_T00253,2023-04-08 21:12:02.851816,AMZN,1437.42,593,B0017,S0084
2023_T00066,2023-04-09 10:06:28.038968,AMZN,276.4,49,B0003,S0034
2023_T00093,2023-04-10 18:28:43.699057,TSLA,877.43,863,B0075,S0047
2023_T00353,2023-04-11 14:40:16.225284,GOOGL,300.86,987,B0021,S0069
2023_T00034,2023-04-11 20:19:28.682158,GOOGL,348.26,948,B0018,S0055
2023_T00180,2023-04-12 10:43:32.642213,MSFT,1137.27,317,B0082,S0087
2023_T00377,2023-04-12 16:13:55.208756,MSFT,1209.27,409,B0052,S0008
2023_T00156,2023-04-13 18:14:24.678736,TSLA,126.03,990,B0018,S0070
2023_T00393,2023-04-13 23:09:11.295820,MSFT,454.27,445,B0054,S0026
2023_T00302,2023-04-14 06:09:40.110743,TSLA,1297.46,976,B0036,S0078
2023_T00061,2023-04-14 08:37:20.602814,AAPL,296.26,656,B0079,S0052
2023_T00148,2023-04-16 02:59:41.567037,GOOGL,1382.5,341,B0077,S0085
2023_T00277,2023-04-18 07:55:48.224491,TSLA,1383.2,547,B0009,S0060
2023_T00195,2023-04-18 13:34:59.450368,GOOGL,960.59,887,B0045,S0090
2023_T00238,2023-04-19 05:52:19.797815,AMZN,1068.57,489,B0032,S0049
2023_T00007,2023-04-19 06:24:48.204844,AAPL,1239.58,184,B0063,S0017
2023_T00099,2023-04-19 20:12:29.758442,AAPL,461.75,478,B0083,S0061
2023_T00075,2023-04-20 18:10:59.371130,GOOGL,1221.63,433,B0098,S0044
2023_T00488,2023-04-23 21:44:13.842927,MSFT,282.24,286,B0012,S0055
2023_T00497,2023-04-24 15:12:35.349287,TSLA,157.51,827,B0044,S0048
2023_T00352,2023-04-25 22:46:42.348632,AAPL,984.02,272,B0062,S0098
2023_T00378,2023-04-26 03:49:18.840840,AMZN,501.93,170,B0022,S0041
2023_T00072,2023-04-26 11:41:57.016864,TSLA,692.38,168,B0031,S0095
2023_T00460,2023-04-26 18:37:30.922285,TSLA,855.19,457,B0047,S0007
2023_T00367,2023-04-27 03:27:47.306616,GOOGL,1149.99,389,B0029,S0045
2023_T00212,2023-04-28 04:50:09.219147,AAPL,1323.77,442,B0030,S0097
2023_T00006,2023-04-28 06:26:19.384189,AMZN,1338.39,501,B0003,S0046
2023_T00169,2023-04-28 23:23:41.671166,TSLA,359.79,429,B0063,S0006
2023_T00048,2023-04-29 13:44:30.056231,AAPL,723.27,590,B0036,S0043
2023_T00298,2023-04-30 01:42:55.463996,AAPL,141.44,592,B0041,S0085
2023_T00427,2023-04-30 06:21:44.204928,AAPL,263.2,358,B0064,S0059
2023_T00001,2023-05-02 04:49:38.947964,AAPL,274.13,749,B0011,S0041
2023_T00114,2023-05-03 04:40:53.829085,TSLA,851.31,910,B0044,S0036
2023_T00239,2023-05-03 10:10:32.115585,MSFT,690.93,735,B0030,S0092
2023_T00117,2023-05-04 09:34:21.117816,TSLA,109.58,846,B0032,S0040
2023_T00065,2023-05-04 22:39:02.351744,MSFT,267.81,956,B0038,S0035
2023_T00153,2023-05-05 00:15:30.756671,GOOGL,930.0,972,B0004,S0081
2023_T00440,2023-05-05 10:39:29.993392,AAPL,1477.39,685,B0088,S0036
2023_T00124,2023-05-05 12:47:13.037330,TSLA,1271.97,290,B0084,S0061
2023_T00021,2023-05-06 07:55:10.715654,GOOGL,1184.19,783,B0007,S0080
2023_T00404,2023-05-07 01:52:35.776206,AAPL,1058.95,574,B0093,S0005
2023_T00402,2023-05-07 09:07:20.787251,AMZN,1415.34,512,B0023,S0061
2023_T00064,2023-05-07 18:12:50.504554,AAPL,832.09,270,B0084,S0012
2023_T00115,2023-05-07 22:55:58.123782,AMZN,720.99,51,B0058,S0020
2023_T00139,2023-05-08 10:08:08.199965,GOOGL,197.95,175,B0028,S0087
2023_T00337,2023-05-08 11:54:19.887837,GOOGL,606.59,467,B0048,S0067
2023_T00284,2023-05-10 01:53:22.380587,AMZN,233.91,915,B0060,S0004
2023_T00348,2023-05-14 08:40:32.075512,GOOGL,308.28,70,B0002,S0062
2023_T00213,2023-05-14 09:28:01.179200,MSFT,537.27,720,B0071,S0042
2023_T00145,2023-05-15 13:12:16.701083,GOOGL,369.74,417,B0028,S0027
2023_T00301,2023-05-16 19:52:48.019869,TSLA,1424.67,259,B0034,S0024
2023_T00449,2023-05-17 13:49:54.315229,GOOGL,1374.79,937,B0069,S0051
2023_T00399,2023-05-17 14:24:44.763958,AMZN,1110.16,886,B0007,S0005
2023_T00389,2023-05-18 01:04:37.271708,MSFT,1038.79,258,B0007,S0055
2023_T00285,2023-05-19 00:56:40.834906,AAPL,276.82,77,B0091,S0053
2023_T00231,2023-05-19 02:12:46.631043,GOOGL,792.89,530,B0014,S0002
2023_T00206,2023-05-19 05:59:35.705124,AAPL,423.63,60,B0041,S0060
2023_T00379,2023-05-19 11:07:41.733239,GOOGL,1269.05,990,B0022,S0053
2023_T00314,2023-05-20 21:23:32.365860,TSLA,807.0,454,B0045,S0098
2023_T00020,2023-05-21 06:31:04.745397,MSFT,122.87,413,B0042,S0098
2023_T00166,2023-05-21 15:01:14.225019,AAPL,463.37,587,B0078,S0045
2023_T00089,2023-05-23 02:40:09.058117,GOOGL,629.39,971,B0059,S0011
2023_T00255,2023-05-23 07:03:44.401279,MSFT,561.3,538,B0066,S0042
2023_T00487,2023-05-23 15:34:59.085298,AAPL,853.79,131,B0032,S0067
2023_T00133,2023-05-24 01:07:08.207691,TSLA,109.23,915,B0034,S0004
2023_T00057,2023-05-24 01:52:05.329168,TSLA,364.26,160,B0039,S0017
2023_T00477,2023-05-24 09:07:35.173765,AMZN,750.3,173,B0091,S0068
2023_T00439,2023-05-24 21:39:04.792786,MSFT,1099.23,275,B0005,S0059
2023_T00328,2023-05-25 17:47:51.441707,TSLA,1055.14,435,B0033,S0058
2023_T00030,2023-05-27 18:13:54.547908,TSLA,915.14,164,B0048,S0061
2023_T00041,2023-05-27 18:48:09.227532,AMZN,1360.78,443,B0039,S0081
2023_T00179,2023-05-28 09:46:01.600662,AAPL,218.15,64,B0058,S0027
2023_T00481,2023-05-29 20:50:50.698319,GOOGL,1141.12,818,B0098,S0083
2023_T00363,2023-05-31 06:06:38.642672,GOOGL,301.36,499,B0029,S0058
2023_T00268,2023-05-31 22:34:15.816165,GOOGL,906.03,155,B0040,S0040
2023_T00324,2023-06-01 22:04:23.928082,GOOGL,1282.03,251,B0082,S0085
2023_T00073,2023-06-03 11:20:40.065411,GOOGL,1290.14,952,B0041,S0010
2023_T00131,2023-06-03 17:28:23.542212,GOOGL,680.33,432,B0054,S0065
2023_T00028,2023-06-04 08:06:35.416500,GOOGL,1172.11,132,B0046,S0068
2023_T00015,2023-06-05 00:30:00.028257,TSLA,177.42,110,B0063,S0032
2023_T00365,2023-06-07 00:30:13.753684,MSFT,1488.91,111,B0047,S0050
2023_T00336,2023-06-07 00:56:59.057013,MSFT,557.3,670,B0098,S0004
2023_T00373,2023-06-07 03:44:06.990450,MSFT,279.51,637,B0026,S0015
2023_T00194,2023-06-08 07:54:21.386687,GOOGL,529.64,937,B0007,S0075
2023_T00109,2023-06-08 16:30:15.622106,AMZN,612.7,830,B0090,S0058
2023_T00260,2023-06-09 09:55:51.088269,AMZN,529.99,659,B0069,S0087
2023_T00188,2023-06-09 12:38:01.923671,MSFT,605.03,767,B0092,S0081
2023_T00271,2023-06-10 02:50:30.761150,MSFT,816.99,913,B0040,S0025
2023_T00230,2023-06-10 08:34:40.202270,MSFT,1147.11,883,B0036,S0031
2023_T00103,2023-06-11 01:24:16.408952,GOOGL,883.72,727,B0022,S0023
2023_T00055,2023-06-11 06:49:07.496506,AMZN,387.08,688,B0070,S0094
2023_T00050,2023-06-11 17:11:45.676027,TSLA,409.77,39,B0095,S0056
2023_T00249,2023-06-11 22:55:16.018149,MSFT,1008.81,192,B0066,S0041
2023_T00223,2023-06-13 05:44:10.645257,TSLA,779.6,525,B0044,S0062
2023_T00349,2023-06-13 06:26:29.306735,TSLA,1499.59,470,B0069,S0048
2023_T00422,2023-06-13 21:38:16.036406,AAPL,697.5,601,B0018,S0085
2023_T00369,2023-06-16 00:34:36.362995,TSLA,1303.28,557,B0002,S0041
2023_T00110,2023-06-16 03:43:32.590601,AMZN,966.96,447,B0086,S0041
2023_T00490,2023-06-16 13:26:29.787596,GOOGL,190.88,418,B0055,S0047
2023_T00098,2023-06-16 17:20:41.645552,AAPL,556.5,943,B0056,S0001
2023_T00023,2023-06-18 13:32:27.266346,TSLA,478.6,768,B0060,S0020
2023_T00002,2023-06-18 15:05:19.503765,MSFT,1388.51,239,B0024,S0054
2023_T00199,2023-06-19 03:12:57.264642,TSLA,370.22,910,B0074,S0018
2023_T00167,2023-06-19 17:08:46.676673,MSFT,244.08,727,B0039,S0021
2023_T00360,2023-06-20 15:29:17.778558,MSFT,1450.44,314,B0074,S0064
2023_T00442,2023-06-23 02:30:51.239648,AAPL,1385.52,160,B0002,S0034
2023_T00146,2023-06-23 12:19:38.061313,TSLA,830.2,410,B0054,S0098
2023_T00473,2023-06-24 12:45:36.016991,TSLA,667.15,610,B0057,S0059
2023_T00332,2023-06-24 14:02:57.187942,TSLA,834.43,568,B0022,S0033
2023_T00347,2023-06-24 21:04:02.261038,AAPL,637.46,657,B0034,S0080
2023_T00192,2023-06-25 05:11:34.470750,MSFT,1342.86,693,B0006,S0001
2023_T00288,2023-06-25 23:45:15.873529,AAPL,746.32,540,B0091,S0020
2023_T00243,2023-06-27 06:32:52.365163,MSFT,113.44,224,B0093,S0076
2023_T00158,2023-06-27 09:37:45.968034,AAPL,1237.28,898,B0001,S0071
2023_T00320,2023-06-27 18:52:30.132128,MSFT,701.41,853,B0031,S0093
2023_T00106,2023-06-30 04:53:51.975539,AMZN,1170.1,881,B0026,S0002
2023_T00438,2023-06-30 19:15:05.837263,AAPL,636.54,60,B0018,S0095
2023_T00403,2023-06-30 20:21:51.422867,AAPL,440.88,514,B0024,S0008
2023_T00470,2023-07-01 15:02:44.490819,MSFT,273.71,589,B0003,S0056
2023_T00092,2023-07-04 01:17:16.641805,MSFT,472.94,951,B0060,S0004
2023_T00413,2023-07-04 02:58:22.534632,AAPL,199.99,917,B0005,S0074
2023_T00264,2023-07-04 07:54:33.536356,MSFT,193.24,18,B0076,S0009
2023_T00455,2023-07-05 00:00:36.513352,AMZN,361.19,862,B0024,S0035
2023_T00333,2023-07-05 07:54:38.262452,AAPL,395.11,410,B0058,S0028
2023_T00046,2023-07-06 01:43:30.272223,MSFT,1271.21,186,B0059,S0012
2023_T00395,2023-07-06 08:06:14.563603,TSLA,1324.51,42,B0084,S0083
2023_T00071,2023-07-06 12:28:33.768220,TSLA,1389.11,424,B0084,S0053
2023_T00113,2023-07-06 23:16:59.202961,MSFT,441.7,108,B0011,S0081
2023_T00340,2023-07-10 13:52:06.208543,AMZN,915.41,107,B0046,S0048
2023_T00359,2023-07-12 03:05:36.072597,MSFT,1419.43,945,B0039,S0013
2023_T00494,2023-07-12 04:16:50.333890,TSLA,991.3,838,B0072,S0052
2023_T00426,2023-07-14 06:03:13.958271,MSFT,982.01,881,B0050,S0086
2023_T00004,2023-07-14 06:17:07.814451,AAPL,616.56,754,B0051,S0006
2023_T00137,2023-07-14 07:02:39.156827,TSLA,635.63,999,B0057,S0011
2023_T00463,2023-07-14 12:39:24.471565,AMZN,1407.01,612,B0033,S0089
2023_T00262,2023-07-14 23:57:33.722919,TSLA,1496.08,284,B0056,S0021
2023_T00120,2023-07-16 14:04:37.597663,AMZN,1460.76,249,B0061,S0083
2023_T00418,2023-07-18 00:00:13.098566,TSLA,1165.81,216,B0072,S0095
2023_T00216,2023-07-18 21:00:43.548065,MSFT,454.34,597,B0071,S0059
2023_T00018,2023-07-19 00:59:24.162068,GOOGL,1202.28,779,B0041,S0060
2023_T00232,2023-07-19 05:40:09.733905,AMZN,493.59,707,B0099,S0021
2023_T00310,2023-07-19 05:44:31.470388,AMZN,1184.8,382,B0058,S0039
2023_T00417,2023-07-20 09:46:50.020604,TSLA,725.07,773,B0006,S0088
2023_T00005,2023-07-21 11:57:05.103697,MSFT,477.41,305,B0051,S0025
2023_T00047,2023-07-21 14:57:05.692717,MSFT,863.29,253,B0070,S0020
2023_T00236,2023-07-22 16:23:30.475723,AAPL,155.05,870,B0067,S0095
2023_T00453,2023-07-23 01:06:33.867807,MSFT,584.34,773,B0014,S0092
2023_T00315,2023-07-23 19:42:27.929172,MSFT,579.82,549,B0025,S0053
2023_T00176,2023-07-23 21:33:51.292395,GOOGL,1105.29,475,B0016,S0004
2023_T00031,2023-07-24 00:26:23.853088,TSLA,165.92,234,B0024,S0074
2023_T00252,2023-07-24 11:15:22.074069,TSLA,321.5,380,B0027,S0009
2023_T00094,2023-07-24 23:51:26.027642,AAPL,1128.91,302,B0070,S0096
2023_T00464,2023-07-25 17:26:07.379625,MSFT,552.62,513,B0013,S0020
2023_T00430,2023-07-25 23:02:59.982928,MSFT,645.6,22,B0099,S0038
2023_T00136,2023-07-27 12:58:39.894402,AMZN,895.29,867,B0040,S0043
2023_T00054,2023-07-27 21:23:31.822069,AAPL,660.35,162,B0070,S0059
2023_T00312,2023-07-30 09:56:23.400788,GOOGL,1439.93,839,B0010,S0011
2023_T00452,2023-08-02 05:12:00.425943,AAPL,941.52,778,B0091,S0071
2023_T00396,2023-08-04 09:55:21.732194,MSFT,335.24,359,B0048,S0027
2023_T00052,2023-08-06 07:34:44.168960,MSFT,605.59,651,B0019,S0081
2023_T00423,2023-08-08 16:02:47.017089,TSLA,100.29,584,B0095,S0077
2023_T00383,2023-08-09 08:23:39.628959,MSFT,841.57,625,B0064,S0092
2023_T00318,2023-08-10 00:04:59.371123,MSFT,1376.01,518,B0019,S0002
2023_T00191,2023-08-12 07:20:35.921092,GOOGL,760.24,550,B0028,S0070
2023_T00217,2023-08-12 09:04:29.935094,AAPL,792.34,217,B0080,S0063
2023_T00165,2023-08-13 21:08:23.120671,MSFT,522.74,648,B0020,S0032
2023_T00305,2023-08-14 06:19:52.104602,TSLA,593.46,171,B0076,S0086
2023_T00500,2023-08-15 23:57:21.952931,AAPL,581.85,154,B0043,S0054
2023_T00486,2023-08-16 03:43:16.495115,TSLA,553.6,117,B0071,S0037
2023_T00483,2023-08-17 10:40:35.363275,MSFT,1328.47,397,B0038,S0014
2023_T00204,2023-08-17 15:40:42.602115,MSFT,1066.8,464,B0020,S0065
2023_T00472,2023-08-18 21:07:09.808070,AAPL,783.85,8,B0049,S0010
2023_T00287,2023-08-18 23:26:34.137440,AMZN,951.57,206,B0001,S0075
2023_T00142,2023-08-20 04:42:14.774223,TSLA,1488.02,768,B0044,S0030
2023_T00233,2023-08-20 12:36:51.077813,TSLA,1489.3,220,B0088,S0080
2023_T00421,2023-08-21 17:53:19.569121,GOOGL,1212.21,330,B0040,S0074
2023_T00326,2023-08-23 01:51:17.454010,MSFT,1476.24,652,B0093,S0062
2023_T00267,2023-08-23 03:27:34.072512,GOOGL,532.81,461,B0044,S0072
2023_T00032,2023-08-23 14:25:37.338563,AAPL,476.54,987,B0054,S0012
2023_T00024,2023-08-23 15:05:56.954430,GOOGL,918.93,86,B0090,S0071
2023_T00056,2023-08-24 01:50:56.514506,AAPL,1172.93,20,B0038,S0075
2023_T00433,2023-08-25 02:27:14.270869,AAPL,1120.38,79,B0070,S0025
2023_T00037,2023-08-25 16:41:33.416606,MSFT,327.12,528,B0006,S0071
2023_T00246,2023-08-26 11:59:18.130132,AAPL,173.31,830,B0069,S0068
2023_T00237,2023-08-27 09:11:35.725016,TSLA,221.3,952,B0007,S0076
2023_T00242,2023-08-28 00:02:46.194926,MSFT,1496.39,917,B0039,S0085
2023_T00361,2023-08-28 03:46:29.527451,AAPL,510.51,377,B0008,S0087
2023_T00105,2023-08-28 07:55:40.076303,GOOGL,300.46,214,B0095,S0038
2023_T00143,2023-08-29 13:14:28.830157,GOOGL,1062.47,694,B0037,S0021
2023_T00172,2023-08-29 13:17:09.957372,AMZN,650.23,578,B0053,S0038
2023_T00067,2023-08-31 12:20:36.743284,TSLA,283.7,772,B0059,S0070
2023_T00313,2023-09-01 00:00:55.598856,AMZN,235.77,92,B0051,S0005
2023_T00256,2023-09-01 10:40:59.972721,TSLA,1394.26,942,B0070,S0050
2023_T00107,2023-09-02 09:27:47.019122,AMZN,431.0,701,B0001,S0013
2023_T00448,2023-09-04 18:10:36.108183,GOOGL,650.81,797,B0080,S0013
2023_T00069,2023-09-07 01:10:09.593996,AAPL,309.15,953,B0040,S0003
2023_T00068,2023-09-08 03:25:10.226230,TSLA,1334.04,618,B0040,S0058
2023_T00083,2023-09-08 11:47:54.677237,AAPL,1498.08,23,B0082,S0023
2023_T00155,2023-09-08 18:25:45.117106,AMZN,745.88,596,B0086,S0094
2023_T00157,2023-09-09 01:03:17.403017,MSFT,1398.98,439,B0045,S0055
2023_T00335,2023-09-09 02:30:04.195063,AAPL,1169.12,801,B0077,S0043
2023_T00091,2023-09-09 08:40:16.827689,AAPL,1103.69,426,B0071,S0002
2023_T00294,2023-09-09 23:43:27.313642,GOOGL,505.97,68,B0064,S0090
2023_T00086,2023-09-10 21:17:07.216499,GOOGL,751.25,130,B0051,S0078
2023_T00012,2023-09-11 05:20:44.930074,AMZN,581.88,793,B0028,S0035
2023_T00451,2023-09-11 09:25:01.325218,AMZN,764.18,912,B0015,S0045
2023_T00300,2023-09-11 22:48:15.051750,TSLA,184.71,655,B0072,S0054
2023_T00234,2023-09-12 16:00:59.232804,GOOGL,1262.97,941,B0076,S0012
2023_T00079,2023-09-13 11:00:55.030830,AAPL,1452.37,695,B0041,S0064
2023_T00119,2023-09-14 11:41:21.589810,MSFT,252.83,519,B0058,S0087
2023_T00026,2023-09-14 11:54:52.568662,AAPL,204.37,585,B0099,S0093
2023_T00154,2023-09-15 09:14:45.998890,AAPL,138.57,697,B0009,S0011
2023_T00380,2023-09-16 05:23:31.543051,TSLA,829.2,590,B0044,S0018
2023_T00151,2023-09-16 10:11:43.095480,TSLA,675.6,774,B0003,S0083
2023_T00441,2023-09-17 17:06:06.111974,AMZN,1442.63,430,B0097,S0077
2023_T00248,2023-09-18 02:08:51.167088,MSFT,576.32,120,B0086,S0053
2023_T00444,2023-09-18 04:03:44.818577,TSLA,359.67,622,B0038,S0085
2023_T00215,2023-09-18 11:18:54.185001,TSLA,1103.78,421,B0024,S0044
2023_T00469,2023-09-18 19:20:09.390378,TSLA,869.17,530,B0055,S0018
2023_T00029,2023-09-20 19:09:29.445073,AMZN,592.94,450,B0045,S0066
2023_T00400,2023-09-21 00:51:53.979370,AMZN,1040.08,888,B0053,S0020
2023_T00062,2023-09-21 03:20:04.720316,AAPL,607.19,560,B0078,S0033
2023_T00276,2023-09-22 03:08:01.949756,TSLA,540.57,123,B0083,S0035
2023_T00013,2023-09-23 13:43:35.397223,AAPL,439.71,320,B0053,S0097
2023_T00040,2023-09-24 04:54:17.505222,MSFT,659.32,415,B0029,S0021
2023_T00175,2023-09-24 05:54:19.097211,GOOGL,820.49,814,B0098,S0048
2023_T00479,2023-09-24 10:48:27.459167,AMZN,1054.14,22,B0007,S0029
2023_T00295,2023-09-24 17:17:50.026883,TSLA,1028.08,509,B0099,S0070
2023_T00386,2023-09-24 17:37:52.559670,AMZN,1336.47,686,B0090,S0079
2023_T00297,2023-09-25 01:46:28.495888,GOOGL,595.27,292,B0072,S0030
2023_T00345,2023-09-26 15:43:14.274728,AMZN,312.31,473,B0047,S0047
2023_T00496,2023-09-28 13:16:43.525056,GOOGL,865.67,761,B0032,S0021
2023_T00484,2023-09-28 16:54:36.911084,MSFT,1049.57,874,B0067,S0017
2023_T00462,2023-09-29 03:08:41.852966,TSLA,1041.11,660,B0038,S0088
2023_T00182,2023-09-29 08:56:15.018179,TSLA,1441.55,869,B0036,S0090
2023_T00374,2023-10-02 23:11:46.468386,MSFT,351.69,690,B0029,S0030
2023_T00087,2023-10-04 07:42:10.224124,GOOGL,627.77,955,B0046,S0005
2023_T00257,2023-10-05 08:01:51.298239,AMZN,1285.23,968,B0072,S0029
2023_T00088,2023-10-08 16:05:23.450789,AAPL,212.63,713,B0006,S0051
2023_T00178,2023-10-11 21:31:28.556055,MSFT,1208.63,554,B0049,S0091
2023_T00225,2023-10-12 13:31:16.558355,AAPL,1389.25,994,B0005,S0045
2023_T00388,2023-10-13 18:35:20.048709,AAPL,1410.19,209,B0064,S0065
2023_T00299,2023-10-14 21:53:38.235980,TSLA,1229.04,6,B0075,S0003
2023_T00339,2023-10-14 22:57:06.986829,AAPL,804.21,452,B0042,S0004
2023_T00415,2023-10-15 05:07:25.789978,MSFT,275.43,795,B0047,S0069
2023_T00219,2023-10-16 00:39:04.393809,TSLA,243.51,518,B0012,S0009
2023_T00266,2023-10-17 14:20:57.652955,TSLA,454.93,524,B0001,S0031
2023_T00424,2023-10-17 16:37:58.851477,AMZN,395.87,187,B0012,S0023
2023_T00390,2023-10-18 00:14:03.382506,AAPL,1302.23,888,B0054,S0032
2023_T00135,2023-10-23 19:21:54.829616,AMZN,914.69,762,B0074,S0052
2023_T00410,2023-10-23 22:56:19.204748,GOOGL,140.44,685,B0067,S0049
2023_T00222,2023-10-25 14:59:20.511243,AAPL,170.09,379,B0045,S0081
2023_T00303,2023-10-25 16:34:42.359992,AAPL,399.82,758,B0096,S0031
2023_T00459,2023-10-26 04:40:52.943490,MSFT,1098.75,4,B0001,S0096
2023_T00272,2023-10-26 05:53:23.719993,GOOGL,168.08,363,B0073,S0027
2023_T00309,2023-10-27 13:01:37.655221,MSFT,822.04,561,B0044,S0059
2023_T00123,2023-10-27 19:43:11.988195,GOOGL,759.88,377,B0005,S0020
2023_T00317,2023-10-27 21:52:18.042217,GOOGL,1092.13,108,B0067,S0049
2023_T00022,2023-10-28 01:11:36.799876,AAPL,1481.57,882,B0073,S0022
2023_T00475,2023-10-28 06:57:24.631098,GOOGL,703.11,466,B0034,S0062
2023_T00008,2023-10-28 22:15:31.402782,GOOGL,301.37,617,B0061,S0015
2023_T00269,2023-10-31 05:05:17.878689,AMZN,1257.22,319,B0009,S0036
2023_T00247,2023-10-31 07:56:35.481693,MSFT,967.22,708,B0040,S0007
2023_T00478,2023-10-31 10:44:07.290529,TSLA,1205.34,701,B0029,S0083
2023_T00043,2023-11-01 21:01:41.867925,AAPL,1327.77,848,B0011,S0021
2023_T00229,2023-11-02 06:10:38.734987,MSFT,1133.13,74,B0076,S0090
2023_T00364,2023-11-02 09:36:40.729674,TSLA,957.26,188,B0024,S0068
2023_T00474,2023-11-02 15:00:46.610125,AAPL,986.46,966,B0021,S0011
2023_T00273,2023-11-02 19:05:16.796901,GOOGL,126.33,907,B0084,S0031
2023_T00193,2023-11-02 22:51:37.013555,AMZN,1440.43,470,B0022,S0018
2023_T00171,2023-11-03 10:17:37.417452,MSFT,528.06,789,B0063,S0050
2023_T00316,2023-11-03 11:13:21.254886,TSLA,1401.25,449,B0014,S0082
2023_T00334,2023-11-04 06:23:26.618957,TSLA,206.45,155,B0004,S0068
2023_T00279,2023-11-04 23:12:51.782471,GOOGL,655.97,283,B0013,S0027
2023_T00446,2023-11-07 11:51:33.987475,MSFT,725.58,694,B0020,S0076
2023_T00173,2023-11-07 22:59:13.987735,TSLA,1036.78,581,B0033,S0087
2023_T00376,2023-11-09 04:21:01.370275,MSFT,668.22,571,B0018,S0002
2023_T00184,2023-11-09 05:30:29.643954,AMZN,1061.31,535,B0020,S0052
2023_T00416,2023-11-09 16:26:35.205283,AAPL,901.61,396,B0064,S0028
2023_T00270,2023-11-10 05:32:24.697424,TSLA,1264.72,633,B0071,S0038
2023_T00434,2023-11-10 14:24:26.751994,MSFT,987.85,65,B0088,S0062
2023_T00112,2023-11-11 07:04:01.278919,AMZN,1325.35,474,B0081,S0025
2023_T00290,2023-11-11 19:40:33.228688,AAPL,786.42,656,B0062,S0045
2023_T00190,2023-11-13 05:57:23.946825,GOOGL,1311.32,856,B0019,S0069
2023_T00289,2023-11-14 12:24:57.857857,TSLA,434.33,118,B0061,S0036
2023_T00385,2023-11-15 15:06:26.470664,GOOGL,1070.86,578,B0065,S0073
2023_T00454,2023-11-16 03:08:39.616235,AMZN,387.11,827,B0037,S0050
2023_T00384,2023-11-16 04:21:54.180065,AAPL,1097.83,519,B0094,S0043
2023_T00327,2023-11-19 04:07:29.501644,MSFT,367.75,516,B0051,S0023
2023_T00210,2023-11-19 08:02:10.336153,AAPL,204.26,570,B0092,S0091
2023_T00354,2023-11-19 08:24:18.833921,AMZN,190.98,687,B0024,S0069
2023_T00343,2023-11-19 22:33:04.244395,TSLA,1404.83,584,B0091,S0001
2023_T00059,2023-11-20 07:20:50.340288,MSFT,901.55,985,B0081,S0075
2023_T00205,2023-11-20 15:51:34.332443,MSFT,287.44,9,B0062,S0042
2023_T00214,2023-11-21 02:58:47.144814,GOOGL,211.8,68,B0003,S0079
2023_T00051,2023-11-21 13:50:36.182159,MSFT,542.64,557,B0049,S0031
2023_T00392,2023-11-22 07:19:12.911513,AMZN,1233.92,775,B0087,S0026
2023_T00189,2023-11-23 03:51:25.720280,MSFT,449.69,647,B0096,S0073
2023_T00447,2023-11-24 07:40:25.360439,MSFT,654.72,155,B0042,S0066
2023_T00485,2023-11-24 19:18:51.071561,TSLA,959.77,629,B0011,S0024
2023_T00281,2023-11-25 19:54:10.396791,MSFT,818.31,937,B0082,S0097
2023_T00209,2023-11-27 16:30:48.653545,MSFT,1485.08,994,B0040,S0097
2023_T00492,2023-11-27 22:49:49.218582,TSLA,802.08,547,B0035,S0025
2023_T00293,2023-11-28 15:53:08.873213,TSLA,1004.67,621,B0064,S0033
2023_T00435,2023-11-28 17:36:38.784119,AAPL,410.35,623,B0080,S0064
2023_T00080,2023-12-01 07:04:27.568769,AAPL,928.04,329,B0047,S0055
2023_T00425,2023-12-05 03:29:15.918544,GOOGL,1028.78,121,B0026,S0034
2023_T00038,2023-12-05 05:34:58.373253,MSFT,411.94,925,B0093,S0021
2023_T00220,2023-12-07 04:40:05.390523,AAPL,1093.31,245,B0042,S0017
2023_T00286,2023-12-08 02:45:21.505590,GOOGL,872.85,854,B0069,S0095
2023_T00125,2023-12-08 07:31:58.021574,AMZN,733.29,749,B0071,S0061
2023_T00035,2023-12-08 16:55:15.530401,AAPL,1335.86,90,B0036,S0002
2023_T00044,2023-12-09 07:25:18.601890,MSFT,539.12,743,B0075,S0097
2023_T00261,2023-12-10 02:52:01.759539,AAPL,1446.78,961,B0035,S0060
2023_T00468,2023-12-11 11:27:53.588354,MSFT,523.66,149,B0074,S0060
2023_T00346,2023-12-12 16:58:54.981141,AAPL,1325.82,565,B0084,S0056
2023_T00014,2023-12-12 17:02:37.881746,GOOGL,1343.77,931,B0019,S0034
2023_T00082,2023-12-13 04:41:35.329449,MSFT,1057.25,16,B0033,S0028
2023_T00278,2023-12-14 19:10:12.962653,GOOGL,1484.09,737,B0021,S0096
2023_T00329,2023-12-15 10:22:09.572053,TSLA,839.71,192,B0053,S0061
2023_T00003,2023-12-15 11:10:31.429651,AAPL,1188.27,709,B0057,S0024
2023_T00102,2023-12-15 22:12:03.608272,MSFT,455.64,703,B0060,S0055
2023_T00419,2023-12-16 05:45:16.703990,AAPL,492.76,503,B0034,S0007
2023_T00185,2023-12-16 07:07:13.638236,AAPL,1464.13,703,B0057,S0057
2023_T00476,2023-12-18 22:53:00.656065,AMZN,560.95,228,B0085,S0018
2023_T00010,2023-12-19 07:08:39.029013,MSFT,201.81,916,B0017,S0098
2023_T00017,2023-12-20 19:38:54.783075,GOOGL,566.29,868,B0087,S0058
2023_T00163,2023-12-22 11:43:35.035161,TSLA,1200.37,761,B0055,S0092
2023_T00104,2023-12-23 14:00:19.941398,TSLA,573.86,339,B0037,S0060
2023_T00085,2023-12-24 05:48:51.257755,AAPL,1121.97,236,B0015,S0058
2023_T00397,2023-12-24 17:54:40.445972,GOOGL,971.96,899,B0010,S0060
2023_T00200,2023-12-24 19:33:08.082387,AAPL,1255.21,79,B0031,S0069
2023_T00149,2023-12-25 03:49:38.283086,AMZN,1014.34,818,B0088,S0053
2023_T00411,2023-12-28 12:44:36.224767,AAPL,656.63,363,B0075,S0087
2023_T00482,2023-12-29 10:04:16.664014,TSLA,911.65,257,B0090,S0041
2023_T00499,2023-12-30 01:16:01.833190,MSFT,1256.52,177,B0072,S0070
2023_T00355,2023-12-30 10:27:02.989841,AMZN,169.76,431,B0066,S0044
2023_T00141,2023-12-30 18:12:06.091250,AAPL,1110.37,740,B0038,S0043
2023_T00077,2023-12-30 20:04:09.587665,TSLA,420.82,336,B0094,S0025
