trade_id,timestamp,instrument,price,quantity,buyer_id,seller_id
2022_T00151,2022-01-01 00:02:21.221846,MSFT,707.09,465,B0027,S0013
2022_T00354,2022-01-01 01:21:05.690684,AAPL,690.95,74,B0096,S0011
2022_T00098,2022-01-02 11:34:03.501150,AMZN,685.43,835,B0084,S0052
2022_T00448,2022-01-02 15:29:22.876197,AMZN,650.06,794,B0039,S0092
2022_T00072,2022-01-03 21:35:30.105662,AMZN,958.17,25,B0066,S0062
2022_T00092,2022-01-04 04:47:21.225278,AMZN,1413.52,439,B0001,S0085
2022_T00288,2022-01-04 16:36:13.049774,MSFT,1381.51,916,B0075,S0069
2022_T00082,2022-01-05 00:11:58.780840,GOOGL,690.43,953,B0065,S0066
2022_T00149,2022-01-05 01:23:59.027854,AMZN,1332.68,81,B0065,S0090
2022_T00462,2022-01-05 02:34:17.579783,GOOGL,1442.69,727,B0064,S0011
2022_T00388,2022-01-05 06:03:54.902203,TSLA,1216.18,270,B0091,S0059
2022_T00311,2022-01-06 04:03:57.109299,MSFT,565.85,914,B0043,S0073
2022_T00384,2022-01-07 03:47:10.643954,AMZN,164.96,299,B0043,S0033
2022_T00215,2022-01-08 01:23:08.653539,AAPL,1105.61,61,B0072,S0097
2022_T00282,2022-01-08 12:09:35.171865,GOOGL,304.62,350,B0016,S0084
2022_T00373,2022-01-09 23:29:05.129519,AMZN,1122.6,884,B0017,S0081
2022_T00148,2022-01-10 19:18:42.740990,GOOGL,335.46,973,B0089,S0023
2022_T00283,2022-01-11 05:24:32.996715,MSFT,288.29,357,B0036,S0022
2022_T00367,2022-01-12 03:58:15.165812,GOOGL,912.03,550,B0020,S0078
2022_T00472,2022-01-13 07:12:59.081610,AAPL,1272.43,21,B0024,S0043
2022_T00374,2022-01-13 21:51:28.203031,TSLA,394.32,966,B0063,S0033
2022_T00101,2022-01-15 09:53:07.584238,TSLA,755.2,603,B0095,S0043
2022_T00179,2022-01-16 02:38:26.326675,MSFT,1027.39,767,B0094,S0090
2022_T00056,2022-01-16 07:36:11.765178,AMZN,212.14,787,B0095,S0016
2022_T00115,2022-01-16 07:49:08.792725,AMZN,761.94,824,B0045,S0076
2022_T00203,2022-01-16 18:51:22.738345,MSFT,928.9,167,B0027,S0083
2022_T00079,2022-01-16 19:23:22.338962,GOOGL,519.98,815,B0047,S0069
2022_T00395,2022-01-17 00:30:53.897532,TSLA,1284.25,415,B0027,S0039
2022_T00421,2022-01-17 06:56:07.369915,AMZN,1337.73,183,B0012,S0060
2022_T00105,2022-01-18 00:26:48.928927,MSFT,440.2,255,B0025,S0079
2022_T00230,2022-01-19 22:06:17.686499,GOOGL,1252.22,669,B0079,S0017
2022_T00033,2022-01-20 01:25:30.122409,AAPL,441.56,868,B0064,S0075
2022_T00293,2022-01-20 03:10:23.494023,GOOGL,463.23,879,B0037,S0051
2022_T00094,2022-01-21 14:38:51.581454,GOOGL,1042.1,543,B0053,S0032
2022_T00489,2022-01-21 17:02:50.987479,TSLA,1096.52,818,B0085,S0053
2022_T00133,2022-01-22 01:07:54.297695,MSFT,578.51,557,B0019,S0054
2022_T00121,2022-01-22 08:42:44.384625,GOOGL,544.62,3,B0096,S0043
2022_T00235,2022-01-22 18:22:08.626408,AMZN,111.91,158,B0077,S0067
2022_T00362,2022-01-23 01:00:02.087830,AAPL,589.83,910,B0088,S0099
2022_T00353,2022-01-23 09:54:52.638508,MSFT,442.15,324,B0003,S0036
2022_T00125,2022-01-23 15:32:48.341950,AMZN,902.08,445,B0052,S0010
2022_T00030,2022-01-24 00:43:39.396798,TSLA,332.66,952,B0027,S0043
2022_T00152,2022-01-24 02:52:06.771941,AMZN,1130.13,487,B0030,S0070
2022_T00062,2022-01-24 16:50:55.931142,MSFT,399.83,748,B0043,S0048
2022_T00481,2022-01-25 12:03:29.763480,AAPL,1321.82,392,B0035,S0050
2022_T00303,2022-01-26 00:09:07.594542,AAPL,1298.2,679,B0069,S0096
2022_T00355,2022-01-26 10:11:50.752323,AAPL,1189.04,867,B0054,S0065
2022_T00019,2022-01-27 05:09:52.625890,AAPL,657.62,937,B0027,S0001
2022_T00413,2022-01-28 22:05:12.127388,MSFT,1496.34,190,B0072,S0045
2022_T00437,2022-02-01 06:06:13.624340,MSFT,1284.25,677,B0061,S0090
2022_T00419,2022-02-01 13:00:10.187042,AMZN,1461.44,639,B0076,S0095
2022_T00175,2022-02-02 00:35:03.673822,MSFT,211.13,930,B0074,S0015
2022_T00281,2022-02-02 20:05:29.961161,GOOGL,472.8,502,B0091,S0095
2022_T00031,2022-02-03 13:26:13.718173,AMZN,452.61,467,B0040,S0093
2022_T00446,2022-02-03 16:52:27.039241,AAPL,1289.18,789,B0015,S0078
2022_T00457,2022-02-04 05:50:17.759532,AAPL,542.77,701,B0071,S0009
2022_T00012,2022-02-04 16:25:14.904452,TSLA,1054.88,818,B0007,S0050
2022_T00020,2022-02-04 20:30:07.352635,GOOGL,289.37,275,B0096,S0013
2022_T00195,2022-02-07 13:18:22.768068,AAPL,947.58,402,B0047,S0006
2022_T00127,2022-02-09 14:37:16.938089,GOOGL,1051.84,955,B0097,S0083
2022_T00347,2022-02-10 07:52:48.975999,MSFT,829.74,780,B0084,S0069
2022_T00192,2022-02-11 01:17:20.624398,GOOGL,915.9,817,B0016,S0009
2022_T00002,2022-02-11 16:13:09.468364,AMZN,1021.64,590,B0062,S0023
2022_T00048,2022-02-11 18:34:38.373374,AMZN,921.92,934,B0071,S0026
2022_T00415,2022-02-12 11:09:02.858245,AAPL,1329.92,753,B0007,S0066
2022_T00066,2022-02-13 07:57:23.240386,AMZN,1267.08,671,B0094,S0085
2022_T00420,2022-02-14 01:00:15.816619,AMZN,791.65,250,B0089,S0043
2022_T00165,2022-02-15 11:40:56.352499,GOOGL,607.96,146,B0070,S0022
2022_T00210,2022-02-15 15:33:54.513715,MSFT,189.58,984,B0058,S0058
2022_T00180,2022-02-18 22:34:45.003047,MSFT,234.11,492,B0024,S0049
2022_T00268,2022-02-20 07:06:30.926900,GOOGL,1375.77,445,B0098,S0042
2022_T00047,2022-02-20 09:49:05.664764,MSFT,165.08,409,B0037,S0046
2022_T00318,2022-02-20 18:43:32.630368,GOOGL,1435.46,356,B0033,S0057
2022_T00147,2022-02-21 05:34:18.900776,AMZN,600.65,742,B0050,S0012
2022_T00112,2022-02-21 20:22:50.330969,MSFT,1156.68,183,B0028,S0069
2022_T00029,2022-02-22 01:54:08.585770,GOOGL,1268.46,770,B0055,S0019
2022_T00432,2022-02-22 10:01:50.767093,MSFT,754.13,47,B0033,S0073
2022_T00201,2022-02-24 03:40:16.795284,MSFT,746.96,888,B0063,S0035
2022_T00233,2022-02-25 03:51:07.252696,TSLA,779.38,450,B0070,S0030
2022_T00214,2022-02-25 09:51:04.813411,AMZN,687.31,219,B0004,S0018
2022_T00113,2022-02-26 15:08:44.262652,AAPL,235.5,974,B0023,S0062
2022_T00393,2022-02-26 15:17:10.910209,GOOGL,1266.62,933,B0005,S0026
2022_T00270,2022-03-01 01:34:32.406421,AMZN,747.44,691,B0035,S0089
2022_T00135,2022-03-01 02:00:41.899300,AMZN,765.46,249,B0084,S0090
2022_T00009,2022-03-01 19:53:17.184248,AMZN,1353.48,605,B0083,S0034
2022_T00500,2022-03-01 21:41:15.418966,TSLA,1007.46,820,B0056,S0099
2022_T00191,2022-03-02 10:29:50.740024,TSLA,960.39,115,B0091,S0050
2022_T00226,2022-03-03 08:08:10.798915,AMZN,572.89,797,B0080,S0038
2022_T00054,2022-03-04 17:22:33.960432,MSFT,1225.19,966,B0055,S0017
2022_T00053,2022-03-04 18:21:42.463682,TSLA,1387.77,505,B0040,S0004
2022_T00154,2022-03-05 04:59:43.815687,MSFT,897.42,192,B0097,S0064
2022_T00321,2022-03-06 04:05:12.145394,AAPL,1407.44,321,B0099,S0018
2022_T00398,2022-03-07 12:52:34.125638,MSFT,421.94,283,B0043,S0051
2022_T00336,2022-03-10 18:27:50.243046,MSFT,1115.54,391,B0063,S0073
2022_T00490,2022-03-11 04:46:43.110568,AAPL,1178.96,735,B0081,S0078
2022_T00297,2022-03-13 19:37:24.745223,GOOGL,1025.98,307,B0074,S0039
2022_T00325,2022-03-15 04:37:45.409144,AAPL,942.66,956,B0010,S0071
2022_T00464,2022-03-15 19:43:18.214917,GOOGL,904.75,519,B0011,S0027
2022_T00022,2022-03-16 11:44:32.721550,MSFT,1031.61,698,B0035,S0058
2022_T00394,2022-03-17 16:13:44.180233,GOOGL,247.61,582,B0028,S0056
2022_T00410,2022-03-18 03:05:58.968677,MSFT,196.03,116,B0040,S0095
2022_T00396,2022-03-18 16:19:56.566876,GOOGL,1274.77,911,B0086,S0013
2022_T00334,2022-03-19 06:51:50.213945,AAPL,389.5,585,B0006,S0089
2022_T00068,2022-03-19 11:43:45.336846,GOOGL,750.09,934,B0017,S0081
2022_T00178,2022-03-19 16:24:47.707766,TSLA,310.01,482,B0048,S0052
2022_T00181,2022-03-20 01:40:51.686840,GOOGL,111.38,847,B0005,S0001
2022_T00324,2022-03-20 11:12:13.130183,AMZN,228.12,712,B0011,S0033
2022_T00247,2022-03-20 13:13:29.082946,AMZN,167.36,599,B0058,S0073
2022_T00065,2022-03-24 00:04:58.838174,GOOGL,1461.75,645,B0076,S0032
2022_T00351,2022-03-24 22:44:01.655900,TSLA,910.75,769,B0039,S0051
2022_T00104,2022-03-25 04:50:14.876785,AMZN,877.27,700,B0068,S0022
2022_T00285,2022-03-25 17:22:34.316566,TSLA,465.24,144,B0024,S0078
2022_T00375,2022-03-26 02:15:08.204726,AAPL,213.87,717,B0081,S0009
2022_T00160,2022-03-27 08:32:48.164751,MSFT,1037.61,614,B0078,S0044
2022_T00357,2022-03-27 10:38:26.620929,AAPL,1212.5,786,B0040,S0059
2022_T00386,2022-03-28 20:47:19.565621,AAPL,196.63,761,B0065,S0023
2022_T00024,2022-03-29 15:35:44.499145,MSFT,141.34,659,B0085,S0063
2022_T00381,2022-03-29 16:16:37.189756,GOOGL,1293.86,506,B0013,S0027
2022_T00011,2022-03-30 20:49:47.990064,AAPL,121.26,376,B0094,S0036
2022_T00016,2022-04-01 05:53:45.709050,AMZN,566.31,666,B0094,S0047
2022_T00126,2022-04-02 00:23:02.046842,MSFT,252.6,46,B0050,S0068
2022_T00319,2022-04-02 02:01:42.428887,TSLA,939.98,876,B0005,S0016
2022_T00060,2022-04-03 00:00:02.950170,TSLA,1131.84,277,B0081,S0029
2022_T00018,2022-04-03 02:13:09.330036,GOOGL,1347.25,563,B0060,S0094
2022_T00376,2022-04-03 10:53:50.359022,MSFT,373.2,139,B0077,S0005
2022_T00406,2022-04-03 16:47:18.331029,GOOGL,1186.86,258,B0044,S0001
2022_T00380,2022-04-04 11:29:33.519980,TSLA,1061.64,900,B0008,S0088
2022_T00167,2022-04-05 11:53:11.719687,GOOGL,1208.16,168,B0013,S0098
2022_T00142,2022-04-05 19:31:34.133186,GOOGL,541.04,144,B0035,S0042
2022_T00425,2022-04-07 05:38:28.179976,AMZN,1280.23,688,B0031,S0025
2022_T00269,2022-04-07 08:48:50.341077,MSFT,128.93,547,B0038,S0030
2022_T00248,2022-04-07 12:15:03.702634,TSLA,702.09,794,B0027,S0042
2022_T00219,2022-04-08 19:29:28.905905,AAPL,959.35,235,B0035,S0091
2022_T00075,2022-04-09 06:31:44.724912,GOOGL,1331.05,74,B0038,S0008
2022_T00333,2022-04-10 19:45:06.640121,MSFT,146.34,674,B0095,S0042
2022_T00467,2022-04-11 13:54:30.887606,AAPL,1049.83,933,B0028,S0099
2022_T00476,2022-04-11 19:47:01.946889,MSFT,1358.76,47,B0070,S0068
2022_T00013,2022-04-13 23:32:47.129564,AMZN,489.91,572,B0083,S0047
2022_T00096,2022-04-14 15:15:43.930434,MSFT,477.6,845,B0038,S0052
2022_T00450,2022-04-15 07:45:52.167028,MSFT,1336.72,2,B0073,S0009
2022_T00409,2022-04-17 11:35:05.337225,AMZN,659.3,112,B0036,S0056
2022_T00241,2022-04-17 19:47:30.996703,MSFT,450.69,267,B0091,S0031
2022_T00093,2022-04-18 10:58:09.905765,GOOGL,1009.45,81,B0050,S0003
2022_T00017,2022-04-19 11:44:13.232410,TSLA,504.78,139,B0068,S0072
2022_T00130,2022-04-19 23:26:43.356534,TSLA,598.58,214,B0013,S0017
2022_T00076,2022-04-20 02:14:19.621057,TSLA,1435.59,134,B0097,S0020
2022_T00492,2022-04-20 19:22:11.280570,AAPL,1114.23,706,B0080,S0077
2022_T00260,2022-04-21 18:52:20.980718,AAPL,1204.82,924,B0044,S0013
2022_T00146,2022-04-22 03:38:06.835808,TSLA,1207.08,96,B0075,S0037
2022_T00414,2022-04-22 11:59:58.988541,GOOGL,437.89,172,B0078,S0030
2022_T00134,2022-04-22 12:55:29.665747,TSLA,1289.53,336,B0019,S0066
2022_T00197,2022-04-24 05:17:01.924447,AMZN,441.47,863,B0086,S0074
2022_T00099,2022-04-24 20:57:35.908039,MSFT,564.21,745,B0076,S0055
2022_T00493,2022-04-26 08:38:49.794815,AAPL,757.47,449,B0065,S0036
2022_T00224,2022-04-26 23:25:57.788761,GOOGL,572.73,318,B0051,S0058
2022_T00309,2022-04-27 05:31:05.901202,AMZN,722.56,827,B0055,S0064
2022_T00177,2022-04-28 21:30:39.636062,MSFT,1347.18,640,B0011,S0037
2022_T00429,2022-04-28 23:57:26.259902,GOOGL,563.02,596,B0087,S0007
2022_T00078,2022-04-29 07:04:33.823757,MSFT,755.07,46,B0057,S0050
2022_T00114,2022-04-30 07:45:55.702241,AAPL,224.0,8,B0022,S0048
2022_T00109,2022-05-04 01:56:20.767466,GOOGL,1415.64,86,B0086,S0093
2022_T00422,2022-05-04 07:38:07.945243,GOOGL,1068.91,528,B0044,S0098
2022_T00359,2022-05-04 07:59:51.138234,TSLA,498.49,463,B0036,S0091
2022_T00350,2022-05-05 04:54:04.961315,AAPL,1418.7,72,B0014,S0065
2022_T00341,2022-05-06 19:28:08.288749,AMZN,1376.67,952,B0065,S0082
2022_T00008,2022-05-07 06:28:23.001305,MSFT,515.34,581,B0058,S0049
2022_T00408,2022-05-09 15:11:11.315181,AMZN,1018.86,105,B0020,S0087
2022_T00157,2022-05-09 23:09:32.139543,MSFT,939.15,262,B0053,S0066
2022_T00234,2022-05-10 04:30:28.609670,TSLA,494.25,19,B0076,S0013
2022_T00202,2022-05-10 19:27:56.951077,MSFT,1269.04,735,B0019,S0094
2022_T00169,2022-05-12 12:57:02.731118,TSLA,1334.54,917,B0095,S0095
2022_T00477,2022-05-12 23:02:08.698727,TSLA,1166.39,180,B0004,S0085
2022_T00491,2022-05-14 04:40:53.030381,GOOGL,947.33,757,B0031,S0022
2022_T00433,2022-05-15 18:53:15.056291,AMZN,1145.13,420,B0059,S0077
2022_T00441,2022-05-16 11:53:22.648881,GOOGL,665.14,362,B0059,S0081
2022_T00039,2022-05-17 15:37:41.531200,GOOGL,1378.65,488,B0055,S0005
2022_T00291,2022-05-18 06:11:47.964397,AAPL,384.3,776,B0030,S0048
2022_T00043,2022-05-19 23:11:46.662571,MSFT,1084.81,506,B0028,S0073
2022_T00424,2022-05-20 04:00:53.118329,AMZN,949.37,697,B0067,S0015
2022_T00102,2022-05-20 09:12:54.617434,MSFT,1037.64,61,B0052,S0025
2022_T00369,2022-05-21 17:22:50.125085,MSFT,1464.47,7,B0071,S0078
2022_T00124,2022-05-22 10:06:36.435728,TSLA,1464.75,146,B0084,S0096
2022_T00021,2022-05-23 16:29:50.100386,TSLA,493.23,934,B0035,S0055
2022_T00007,2022-05-24 10:26:47.384745,GOOGL,840.69,333,B0092,S0099
2022_T00155,2022-05-26 03:32:33.169260,AMZN,1201.78,56,B0013,S0064
2022_T00123,2022-05-26 05:56:09.073719,MSFT,551.6,542,B0005,S0029
2022_T00434,2022-05-26 06:38:59.221949,TSLA,1408.46,43,B0004,S0097
2022_T00263,2022-05-27 02:49:31.547467,AAPL,282.67,204,B0027,S0033
2022_T00261,2022-05-27 07:12:22.791971,TSLA,310.96,402,B0040,S0058
2022_T00339,2022-05-27 21:31:56.103662,AAPL,1440.5,230,B0027,S0009
2022_T00444,2022-05-28 01:07:08.022423,GOOGL,154.2,57,B0023,S0092
2022_T00111,2022-05-28 01:32:47.514998,AAPL,139.79,384,B0079,S0009
2022_T00405,2022-05-28 04:00:55.833760,AAPL,149.68,940,B0087,S0093
2022_T00006,2022-05-28 14:02:10.214168,AAPL,340.51,152,B0021,S0042
2022_T00143,2022-05-29 07:40:50.483162,TSLA,970.33,377,B0026,S0008
2022_T00097,2022-05-29 18:51:43.035251,AAPL,913.94,240,B0048,S0075
2022_T00119,2022-05-30 18:23:29.621287,TSLA,969.26,363,B0047,S0038
2022_T00310,2022-05-31 00:23:31.025977,MSFT,1434.17,480,B0023,S0004
2022_T00074,2022-05-31 06:44:07.536306,GOOGL,1132.96,670,B0031,S0027
2022_T00258,2022-05-31 23:18:37.441089,AAPL,200.9,762,B0028,S0071
2022_T00255,2022-06-01 01:13:02.324766,AMZN,539.36,461,B0013,S0065
2022_T00407,2022-06-01 01:45:13.053680,GOOGL,1192.33,52,B0061,S0018
2022_T00313,2022-06-02 06:50:49.662326,AAPL,445.53,175,B0060,S0007
2022_T00071,2022-06-03 14:12:19.152492,TSLA,584.3,517,B0080,S0019
2022_T00304,2022-06-06 05:15:34.920582,AMZN,1440.01,29,B0063,S0068
2022_T00173,2022-06-07 05:25:02.422289,TSLA,491.96,957,B0077,S0098
2022_T00118,2022-06-08 03:07:16.962363,AMZN,1301.88,600,B0053,S0047
2022_T00083,2022-06-08 09:56:53.385295,MSFT,690.27,157,B0065,S0087
2022_T00496,2022-06-08 10:42:13.598062,MSFT,1365.5,433,B0053,S0066
2022_T00452,2022-06-08 12:16:59.553551,AMZN,636.39,936,B0076,S0010
2022_T00035,2022-06-12 17:39:43.493009,GOOGL,694.39,696,B0001,S0046
2022_T00372,2022-06-14 12:02:08.428047,MSFT,1141.74,809,B0003,S0007
2022_T00387,2022-06-14 15:44:29.912350,TSLA,1490.71,842,B0031,S0045
2022_T00040,2022-06-14 15:56:19.181298,AMZN,305.47,58,B0055,S0084
2022_T00010,2022-06-16 16:50:27.432548,MSFT,1257.57,524,B0014,S0006
2022_T00106,2022-06-16 18:17:48.091958,AAPL,1472.32,782,B0026,S0073
2022_T00485,2022-06-16 21:38:44.767578,GOOGL,400.48,188,B0087,S0007
2022_T00312,2022-06-17 14:33:50.307616,AAPL,1294.1,780,B0072,S0055
2022_T00220,2022-06-17 15:24:30.550307,AAPL,987.57,8,B0078,S0019
2022_T00262,2022-06-17 16:26:43.634027,MSFT,815.8,468,B0075,S0075
2022_T00136,2022-06-18 14:09:53.377034,TSLA,859.74,307,B0058,S0023
2022_T00482,2022-06-18 16:15:42.149351,AMZN,1251.59,675,B0091,S0061
2022_T00077,2022-06-19 09:17:23.930265,AAPL,531.36,756,B0003,S0025
2022_T00346,2022-06-19 17:01:57.167416,MSFT,1089.89,971,B0056,S0054
2022_T00138,2022-06-19 23:10:45.964100,AAPL,1412.25,387,B0084,S0095
2022_T00193,2022-06-20 07:18:56.476382,AMZN,240.64,508,B0023,S0083
2022_T00417,2022-06-20 18:10:43.965775,AMZN,1369.85,991,B0068,S0044
2022_T00267,2022-06-21 03:40:15.695139,MSFT,414.03,933,B0030,S0067
2022_T00344,2022-06-21 05:09:39.018055,AAPL,342.58,230,B0044,S0028
2022_T00295,2022-06-24 13:44:22.481729,GOOGL,1347.03,48,B0048,S0035
2022_T00015,2022-06-24 17:06:47.313667,AAPL,444.45,393,B0069,S0098
2022_T00227,2022-06-25 21:27:14.974233,TSLA,584.86,902,B0071,S0072
2022_T00358,2022-06-25 21:40:56.437918,GOOGL,891.09,448,B0006,S0069
2022_T00238,2022-06-25 23:24:35.743943,AMZN,204.77,545,B0011,S0097
2022_T00254,2022-06-26 17:28:19.344691,GOOGL,390.4,117,B0093,S0006
2022_T00332,2022-06-27 16:38:49.565631,GOOGL,891.38,292,B0077,S0014
2022_T00027,2022-06-29 09:58:42.643912,GOOGL,1199.66,417,B0065,S0064
2022_T00117,2022-07-01 03:07:45.453920,AMZN,265.19,282,B0085,S0038
2022_T00317,2022-07-01 13:09:32.504160,AAPL,298.61,246,B0087,S0082
2022_T00338,2022-07-02 07:52:46.389104,TSLA,147.18,337,B0061,S0017
2022_T00279,2022-07-02 22:30:03.266746,AAPL,138.2,286,B0098,S0004
2022_T00423,2022-07-04 07:18:39.054147,TSLA,725.51,46,B0010,S0089
2022_T00046,2022-07-05 06:28:16.697425,MSFT,442.87,254,B0041,S0020
2022_T00403,2022-07-05 15:53:05.242908,AMZN,648.38,561,B0089,S0031
2022_T00276,2022-07-06 15:34:02.758769,AAPL,1480.02,654,B0054,S0067
2022_T00081,2022-07-07 13:18:35.030931,GOOGL,333.57,196,B0064,S0043
2022_T00244,2022-07-08 01:48:16.822687,GOOGL,333.99,693,B0047,S0043
2022_T00225,2022-07-10 02:42:37.482094,GOOGL,702.43,165,B0010,S0077
2022_T00498,2022-07-11 12:29:08.443605,AMZN,286.89,847,B0028,S0019
2022_T00107,2022-07-12 01:32:56.487206,GOOGL,381.2,843,B0060,S0002
2022_T00264,2022-07-12 12:03:44.758361,TSLA,1099.65,15,B0050,S0048
2022_T00447,2022-07-12 15:29:38.374548,TSLA,162.77,8,B0057,S0011
2022_T00045,2022-07-14 10:01:41.179184,GOOGL,346.31,709,B0096,S0005
2022_T00051,2022-07-15 01:54:31.693032,TSLA,1182.25,662,B0013,S0015
2022_T00059,2022-07-15 06:09:28.197880,MSFT,1354.32,997,B0029,S0027
2022_T00200,2022-07-15 08:14:59.700629,AMZN,1488.45,830,B0032,S0086
2022_T00431,2022-07-15 10:57:10.879528,AMZN,1393.09,34,B0047,S0018
2022_T00370,2022-07-15 16:18:25.254986,MSFT,1399.06,99,B0061,S0096
2022_T00342,2022-07-15 22:01:04.796700,GOOGL,819.87,736,B0037,S0048
2022_T00466,2022-07-16 05:03:01.844909,AAPL,1080.15,649,B0065,S0053
2022_T00385,2022-07-16 23:00:43.914275,MSFT,683.49,768,B0089,S0013
2022_T00041,2022-07-17 11:39:03.289977,AAPL,1106.14,926,B0056,S0074
2022_T00365,2022-07-18 03:12:21.068878,GOOGL,1106.93,887,B0006,S0014
2022_T00486,2022-07-18 20:07:24.621578,MSFT,935.75,600,B0035,S0068
2022_T00199,2022-07-19 00:10:45.379964,AMZN,1463.59,124,B0094,S0089
2022_T00196,2022-07-19 01:50:23.319697,AAPL,1004.59,556,B0066,S0057
2022_T00137,2022-07-19 18:45:04.680879,TSLA,487.28,865,B0096,S0067
2022_T00274,2022-07-20 11:32:18.523980,AAPL,1230.88,743,B0006,S0057
2022_T00307,2022-07-20 17:48:12.291530,AMZN,1233.16,322,B0004,S0050
2022_T00479,2022-07-21 02:23:56.401431,GOOGL,1462.55,784,B0074,S0056
2022_T00236,2022-07-21 10:31:54.169447,AMZN,766.07,584,B0044,S0037
2022_T00402,2022-07-21 14:11:33.594143,GOOGL,257.29,6,B0064,S0092
2022_T00392,2022-07-22 07:26:45.730050,AAPL,661.27,953,B0041,S0090
2022_T00416,2022-07-25 00:18:38.894511,GOOGL,402.99,149,B0088,S0029
2022_T00208,2022-07-25 11:49:03.088954,MSFT,135.59,795,B0021,S0026
2022_T00257,2022-07-25 20:34:31.766942,AAPL,657.5,7,B0093,S0077
2022_T00478,2022-07-25 22:48:10.973395,AAPL,1428.51,874,B0094,S0032
2022_T00459,2022-07-26 06:08:22.669147,MSFT,1196.22,295,B0092,S0033
2022_T00205,2022-07-26 07:40:33.734748,AMZN,124.03,287,B0088,S0044
2022_T00044,2022-07-26 07:51:30.449708,AMZN,1140.51,750,B0059,S0041
2022_T00474,2022-07-27 04:11:32.772412,AAPL,172.14,475,B0051,S0070
2022_T00428,2022-07-27 12:26:35.631143,AAPL,514.75,788,B0043,S0049
2022_T00389,2022-07-29 02:49:33.164505,AMZN,442.52,622,B0004,S0086
2022_T00103,2022-07-29 16:30:12.475761,AAPL,832.18,656,B0088,S0097
2022_T00468,2022-07-31 10:54:42.648424,GOOGL,374.87,475,B0054,S0063
2022_T00070,2022-07-31 11:06:44.199323,GOOGL,140.95,435,B0036,S0005
2022_T00089,2022-08-01 21:29:27.235232,MSFT,109.14,175,B0080,S0087
2022_T00266,2022-08-02 01:28:31.458918,AAPL,1319.19,132,B0087,S0083
2022_T00221,2022-08-02 14:37:52.507489,AMZN,361.71,104,B0036,S0083
2022_T00190,2022-08-03 21:08:14.842450,AMZN,241.49,33,B0002,S0014
2022_T00465,2022-08-04 04:43:10.227472,MSFT,355.88,279,B0073,S0042
2022_T00301,2022-08-04 08:52:45.977263,GOOGL,592.06,401,B0076,S0059
2022_T00084,2022-08-04 13:48:44.455870,AMZN,524.06,742,B0005,S0067
2022_T00005,2022-08-05 01:56:32.492227,AMZN,1223.14,792,B0077,S0007
2022_T00122,2022-08-07 00:37:52.656042,TSLA,283.58,906,B0008,S0060
2022_T00014,2022-08-07 14:25:36.697465,AMZN,134.59,649,B0095,S0056
2022_T00086,2022-08-07 15:48:07.981252,TSLA,1215.45,602,B0013,S0040
2022_T00483,2022-08-09 07:03:18.476042,TSLA,967.36,177,B0085,S0071
2022_T00335,2022-08-11 06:18:12.471348,AAPL,585.72,319,B0096,S0083
2022_T00158,2022-08-12 02:34:57.031310,MSFT,828.06,934,B0074,S0088
2022_T00473,2022-08-13 01:05:15.205565,AAPL,490.15,141,B0012,S0029
2022_T00042,2022-08-14 02:48:12.441323,TSLA,848.25,136,B0031,S0043
2022_T00256,2022-08-14 05:20:54.492088,AMZN,318.62,539,B0092,S0074
2022_T00470,2022-08-14 23:49:51.549619,MSFT,832.19,163,B0002,S0021
2022_T00128,2022-08-15 00:42:17.431407,TSLA,283.05,504,B0020,S0086
2022_T00176,2022-08-15 08:54:39.689131,AMZN,113.0,784,B0059,S0010
2022_T00329,2022-08-16 15:43:12.561735,GOOGL,1466.26,481,B0019,S0029
2022_T00480,2022-08-17 15:47:17.153222,AMZN,957.23,874,B0069,S0050
2022_T00442,2022-08-18 18:50:30.506174,TSLA,292.09,565,B0035,S0032
2022_T00073,2022-08-18 20:56:27.650751,MSFT,968.78,623,B0090,S0076
2022_T00327,2022-08-19 18:59:45.613840,AMZN,588.79,253,B0033,S0005
2022_T00330,2022-08-19 19:36:36.625397,TSLA,197.54,945,B0023,S0063
2022_T00132,2022-08-20 11:52:54.435403,TSLA,1068.34,925,B0003,S0040
2022_T00360,2022-08-20 23:32:06.595904,TSLA,1271.92,971,B0087,S0008
2022_T00239,2022-08-22 17:41:03.198705,AAPL,531.17,247,B0041,S0080
2022_T00390,2022-08-22 21:54:41.139591,AAPL,861.69,715,B0003,S0026
2022_T00302,2022-08-23 05:24:04.197433,AAPL,1229.1,542,B0093,S0094
2022_T00430,2022-08-25 11:04:04.742303,MSFT,260.95,549,B0016,S0027
2022_T00090,2022-08-25 22:36:43.851737,AAPL,1430.0,582,B0052,S0005
2022_T00308,2022-08-27 00:59:46.026503,AMZN,734.96,911,B0060,S0093
2022_T00290,2022-08-27 04:03:16.632015,TSLA,587.57,863,B0003,S0023
2022_T00449,2022-08-27 07:38:11.010185,AMZN,1488.41,902,B0084,S0054
2022_T00364,2022-08-28 21:57:02.721114,TSLA,390.84,469,B0064,S0062
2022_T00453,2022-08-29 13:44:28.296250,GOOGL,1031.09,611,B0013,S0032
2022_T00223,2022-08-29 23:33:49.118210,AAPL,1048.66,441,B0026,S0093
2022_T00391,2022-08-30 23:40:04.612346,TSLA,1314.82,759,B0012,S0061
2022_T00184,2022-09-01 03:56:09.413595,MSFT,1135.93,706,B0077,S0092
2022_T00368,2022-09-02 12:24:43.545438,AAPL,715.2,145,B0066,S0098
2022_T00306,2022-09-02 13:15:31.656533,AMZN,1474.48,228,B0068,S0013
2022_T00345,2022-09-02 17:01:37.399458,TSLA,1421.47,671,B0084,S0031
2022_T00331,2022-09-06 13:53:34.428090,MSFT,301.35,630,B0093,S0056
2022_T00164,2022-09-06 17:48:39.683965,AAPL,1483.91,858,B0061,S0005
2022_T00004,2022-09-06 19:42:35.665394,AMZN,310.75,77,B0038,S0073
2022_T00145,2022-09-08 15:40:01.054935,AAPL,896.71,157,B0040,S0023
2022_T00144,2022-09-09 03:33:50.242573,GOOGL,525.34,769,B0059,S0098
2022_T00379,2022-09-09 17:39:28.262216,AAPL,865.23,284,B0018,S0028
2022_T00475,2022-09-10 10:34:31.838591,TSLA,990.08,441,B0054,S0062
2022_T00320,2022-09-10 11:04:21.892696,TSLA,1081.52,226,B0031,S0042
2022_T00348,2022-09-12 00:03:55.806871,TSLA,989.46,917,B0032,S0033
2022_T00397,2022-09-12 08:53:49.095941,TSLA,1328.78,736,B0048,S0042
2022_T00400,2022-09-15 05:52:43.036560,TSLA,614.5,634,B0056,S0033
2022_T00484,2022-09-16 00:30:01.843013,GOOGL,1034.7,475,B0049,S0073
2022_T00067,2022-09-16 05:42:26.312213,MSFT,1301.65,284,B0072,S0094
2022_T00229,2022-09-17 05:34:51.120100,GOOGL,245.95,758,B0048,S0057
2022_T00296,2022-09-18 01:14:46.835313,GOOGL,1461.15,682,B0076,S0035
2022_T00326,2022-09-18 12:23:33.056317,AMZN,1328.23,947,B0061,S0013
2022_T00451,2022-09-18 21:55:07.499942,MSFT,705.78,414,B0092,S0022
2022_T00286,2022-09-23 07:57:51.712895,MSFT,1434.55,339,B0012,S0049
2022_T00209,2022-09-24 07:13:56.018177,TSLA,280.55,319,B0074,S0093
2022_T00435,2022-09-25 04:38:04.975337,TSLA,636.94,94,B0060,S0053
2022_T00174,2022-09-25 13:08:09.117788,TSLA,1306.21,283,B0015,S0047
2022_T00343,2022-09-25 19:07:59.509806,GOOGL,239.49,118,B0011,S0061
2022_T00028,2022-09-25 21:12:39.839249,GOOGL,1178.09,896,B0031,S0082
2022_T00469,2022-09-26 05:59:13.717211,AAPL,520.61,209,B0042,S0033
2022_T00494,2022-09-29 08:43:09.141910,AMZN,1498.37,272,B0045,S0024
2022_T00088,2022-09-29 15:59:19.008960,GOOGL,1031.37,655,B0086,S0099
2022_T00300,2022-09-30 10:56:17.896398,GOOGL,760.56,290,B0011,S0017
2022_T00213,2022-09-30 16:24:14.257454,AMZN,886.6,959,B0002,S0029
2022_T00401,2022-10-01 14:02:31.376407,MSFT,1440.95,856,B0092,S0034
2022_T00185,2022-10-01 19:19:58.716094,AAPL,421.46,402,B0044,S0042
2022_T00378,2022-10-01 19:48:28.431793,TSLA,1433.66,430,B0069,S0019
2022_T00250,2022-10-04 14:12:47.706152,AAPL,217.07,487,B0034,S0036
2022_T00069,2022-10-04 14:55:47.665586,GOOGL,1315.7,473,B0095,S0075
2022_T00299,2022-10-06 05:33:25.479671,GOOGL,279.6,55,B0093,S0070
2022_T00032,2022-10-07 11:49:48.523471,GOOGL,479.68,820,B0050,S0070
2022_T00443,2022-10-08 06:29:38.969040,MSFT,1480.18,941,B0045,S0003
2022_T00228,2022-10-08 09:00:03.379485,MSFT,461.36,341,B0076,S0068
2022_T00412,2022-10-09 18:20:23.320108,AAPL,543.05,358,B0055,S0090
2022_T00080,2022-10-09 19:09:58.788214,AMZN,506.43,662,B0060,S0039
2022_T00252,2022-10-09 19:18:44.289249,AMZN,501.93,112,B0026,S0032
2022_T00150,2022-10-10 07:40:24.484503,AAPL,754.79,238,B0021,S0090
2022_T00243,2022-10-10 09:29:59.770431,TSLA,1359.62,300,B0046,S0097
2022_T00497,2022-10-13 10:01:25.243068,AAPL,864.52,166,B0091,S0075
2022_T00352,2022-10-13 21:29:14.350244,MSFT,241.99,948,B0056,S0079
2022_T00026,2022-10-14 07:03:44.112633,MSFT,899.41,138,B0062,S0029
2022_T00153,2022-10-14 10:26:43.124840,AAPL,1270.83,59,B0087,S0065
2022_T00110,2022-10-14 16:23:21.996409,AMZN,1190.89,209,B0068,S0048
2022_T00251,2022-10-14 17:33:05.064656,MSFT,906.28,135,B0086,S0056
2022_T00445,2022-10-15 07:31:42.886444,MSFT,570.39,584,B0042,S0076
2022_T00280,2022-10-16 04:02:05.308655,TSLA,543.97,635,B0028,S0067
2022_T00168,2022-10-16 21:34:07.895167,MSFT,430.59,716,B0035,S0007
2022_T00139,2022-10-17 07:43:35.323047,AMZN,1372.88,441,B0007,S0078
2022_T00455,2022-10-18 00:29:17.387812,GOOGL,1226.68,859,B0089,S0086
2022_T00259,2022-10-19 01:41:08.590248,GOOGL,593.13,869,B0083,S0074
2022_T00170,2022-10-19 02:36:41.463052,MSFT,827.93,274,B0073,S0033
2022_T00316,2022-10-19 12:54:44.244766,MSFT,560.58,694,B0019,S0052
2022_T00218,2022-10-20 14:14:56.462568,AMZN,697.1,351,B0068,S0091
2022_T00328,2022-10-21 07:40:33.994583,TSLA,713.44,408,B0041,S0068
2022_T00100,2022-10-21 12:34:31.650476,AMZN,517.6,896,B0031,S0006
2022_T00189,2022-10-23 01:01:08.176011,TSLA,1396.7,91,B0017,S0055
2022_T00222,2022-10-23 11:19:57.328113,AAPL,985.18,216,B0087,S0048
2022_T00216,2022-10-23 19:07:49.915888,MSFT,658.69,568,B0029,S0012
2022_T00487,2022-10-24 00:18:27.525524,GOOGL,1047.08,310,B0078,S0066
2022_T00454,2022-10-24 11:09:39.672468,TSLA,501.05,442,B0019,S0059
2022_T00161,2022-10-27 14:13:06.761776,AMZN,357.49,11,B0030,S0036
2022_T00095,2022-10-28 00:34:07.213070,AAPL,152.09,648,B0032,S0060
2022_T00287,2022-10-28 13:45:09.682869,AAPL,726.52,699,B0080,S0022
2022_T00171,2022-10-29 15:14:22.219251,AAPL,313.91,820,B0018,S0057
2022_T00057,2022-10-29 18:22:58.625761,AMZN,1095.54,398,B0060,S0020
2022_T00206,2022-10-30 14:44:17.435472,TSLA,652.65,614,B0036,S0092
2022_T00162,2022-10-31 01:39:17.848866,GOOGL,158.8,772,B0004,S0066
2022_T00411,2022-10-31 22:36:14.000980,TSLA,1216.98,829,B0071,S0008
2022_T00237,2022-11-01 08:41:36.108531,MSFT,671.95,412,B0064,S0011
2022_T00383,2022-11-01 09:48:56.758099,GOOGL,397.86,842,B0011,S0082
2022_T00265,2022-11-02 07:45:49.139816,GOOGL,477.89,421,B0092,S0080
2022_T00116,2022-11-03 09:16:02.646558,AAPL,1379.59,115,B0084,S0006
2022_T00163,2022-11-03 23:18:10.420111,GOOGL,518.29,921,B0036,S0015
2022_T00231,2022-11-04 23:19:33.369678,AAPL,611.13,956,B0003,S0033
2022_T00404,2022-11-05 10:41:08.534700,MSFT,1183.25,618,B0021,S0041
2022_T00337,2022-11-05 17:11:33.399157,AMZN,143.87,955,B0017,S0020
2022_T00418,2022-11-06 04:13:40.755478,AAPL,1320.97,56,B0086,S0017
2022_T00108,2022-11-06 16:04:24.032372,MSFT,1210.78,320,B0035,S0067
2022_T00399,2022-11-07 21:48:26.705828,AAPL,362.69,929,B0077,S0032
2022_T00182,2022-11-07 23:56:22.864820,AMZN,1237.3,837,B0085,S0091
2022_T00212,2022-11-08 05:39:54.696060,TSLA,1007.93,923,B0096,S0090
2022_T00052,2022-11-08 16:18:29.575002,MSFT,1299.67,400,B0072,S0068
2022_T00440,2022-11-09 06:44:48.904377,AAPL,345.09,183,B0095,S0025
2022_T00156,2022-11-09 13:30:17.019486,MSFT,866.72,349,B0059,S0099
2022_T00129,2022-11-09 14:08:36.113401,MSFT,195.04,10,B0042,S0053
2022_T00314,2022-11-10 16:28:32.297037,AAPL,950.07,775,B0062,S0079
2022_T00037,2022-11-11 20:43:01.981035,GOOGL,1104.03,310,B0019,S0055
2022_T00488,2022-11-12 00:07:22.515871,TSLA,227.99,557,B0041,S0074
2022_T00246,2022-11-12 05:14:29.706180,AMZN,1321.46,899,B0057,S0079
2022_T00461,2022-11-12 14:10:30.064842,TSLA,1287.8,389,B0059,S0091
2022_T00499,2022-11-12 16:45:02.532833,AAPL,125.54,914,B0064,S0084
2022_T00245,2022-11-13 09:24:41.455613,AAPL,914.8,825,B0052,S0019
2022_T00463,2022-11-14 01:18:21.870452,TSLA,1000.88,273,B0032,S0050
2022_T00363,2022-11-14 02:14:32.013216,TSLA,1463.92,960,B0055,S0093
2022_T00204,2022-11-14 20:04:22.847425,TSLA,310.73,349,B0020,S0077
2022_T00001,2022-11-14 20:53:25.123092,MSFT,433.44,51,B0062,S0090
2022_T00349,2022-11-15 06:00:41.761253,TSLA,302.41,698,B0047,S0029
2022_T00458,2022-11-16 02:32:39.674626,AAPL,393.32,713,B0031,S0045
2022_T00172,2022-11-16 15:26:00.983945,AMZN,638.76,86,B0044,S0035
2022_T00436,2022-11-16 17:36:37.642195,TSLA,1181.92,51,B0023,S0008
2022_T00049,2022-11-16 20:45:02.052611,TSLA,228.98,338,B0087,S0056
2022_T00271,2022-11-17 07:25:43.292071,GOOGL,549.05,238,B0096,S0069
2022_T00253,2022-11-17 16:48:11.727375,TSLA,850.7,77,B0081,S0060
2022_T00183,2022-11-18 15:49:07.048376,GOOGL,934.71,641,B0036,S0083
2022_T00087,2022-11-19 09:31:27.551318,MSFT,199.05,101,B0007,S0040
2022_T00198,2022-11-19 13:18:04.006559,AAPL,731.15,784,B0076,S0077
2022_T00460,2022-11-20 06:53:46.250256,GOOGL,1377.59,112,B0051,S0069
2022_T00187,2022-11-20 20:25:27.303067,AMZN,156.6,290,B0019,S0032
2022_T00242,2022-11-21 05:31:08.437843,TSLA,1477.99,275,B0063,S0076
2022_T00166,2022-11-21 08:57:19.736351,TSLA,535.47,174,B0013,S0023
2022_T00120,2022-11-21 10:43:58.619486,GOOGL,291.12,493,B0029,S0037
2022_T00249,2022-11-21 13:25:26.588812,AMZN,1386.21,293,B0078,S0046
2022_T00091,2022-11-21 18:47:44.360551,AMZN,280.66,714,B0027,S0072
2022_T00439,2022-11-22 15:06:49.320528,GOOGL,1229.4,156,B0038,S0064
2022_T00426,2022-11-23 03:50:45.534982,AAPL,504.34,948,B0032,S0042
2022_T00186,2022-11-24 13:59:52.916499,AAPL,556.21,331,B0039,S0045
2022_T00140,2022-11-24 16:47:33.021308,TSLA,1312.84,790,B0001,S0008
2022_T00323,2022-11-24 21:41:32.251663,TSLA,1422.32,628,B0067,S0016
2022_T00427,2022-11-26 12:46:19.912641,TSLA,768.64,2,B0060,S0030
2022_T00061,2022-11-27 14:24:15.541922,GOOGL,427.28,225,B0059,S0051
2022_T00240,2022-11-27 14:56:41.952860,TSLA,1376.79,12,B0099,S0003
2022_T00289,2022-11-27 19:58:09.244127,AAPL,316.71,122,B0095,S0024
2022_T00050,2022-11-27 23:57:15.171080,AMZN,1393.85,789,B0071,S0056
2022_T00371,2022-11-28 07:31:58.754609,MSFT,841.58,448,B0001,S0085
2022_T00131,2022-11-28 19:55:44.638185,AMZN,161.35,525,B0061,S0081
2022_T00058,2022-11-28 19:56:03.989661,AAPL,1247.83,21,B0001,S0089
2022_T00034,2022-11-30 10:57:02.562153,AMZN,386.96,87,B0024,S0010
2022_T00272,2022-11-30 17:57:31.190380,MSFT,764.01,308,B0033,S0036
2022_T00159,2022-11-30 19:10:23.561832,GOOGL,642.25,715,B0059,S0054
2022_T00322,2022-12-01 03:15:18.210617,AMZN,193.18,733,B0014,S0040
2022_T00340,2022-12-02 10:33:39.380818,AMZN,359.38,241,B0026,S0076
2022_T00003,2022-12-04 21:35:39.925942,MSFT,216.34,287,B0019,S0085
2022_T00361,2022-12-05 06:40:38.595166,MSFT,903.89,211,B0056,S0072
2022_T00207,2022-12-05 20:20:09.424231,AAPL,829.89,503,B0052,S0050
2022_T00284,2022-12-06 05:59:03.519106,TSLA,732.23,360,B0079,S0043
2022_T00495,2022-12-08 06:07:32.885595,TSLA,1389.67,370,B0006,S0068
2022_T00141,2022-12-08 14:49:22.257896,GOOGL,1336.92,868,B0065,S0075
2022_T00277,2022-12-09 00:42:22.309906,AAPL,1055.64,882,B0017,S0021
2022_T00217,2022-12-12 02:15:03.141902,MSFT,564.37,161,B0069,S0063
2022_T00382,2022-12-12 18:44:17.602307,GOOGL,219.99,452,B0033,S0027
2022_T00025,2022-12-13 21:35:14.084359,AAPL,1174.59,929,B0089,S0044
2022_T00356,2022-12-13 23:49:42.698513,AAPL,938.45,666,B0010,S0031
2022_T00194,2022-12-14 13:42:39.566777,AMZN,1245.17,877,B0027,S0063
2022_T00294,2022-12-15 10:17:18.787266,AMZN,502.73,85,B0073,S0084
2022_T00211,2022-12-15 19:48:48.888828,TSLA,116.42,825,B0052,S0026
2022_T00278,2022-12-17 15:15:21.090294,TSLA,866.82,804,B0019,S0044
2022_T00023,2022-12-18 08:18:14.182355,AMZN,1458.02,774,B0029,S0041
2022_T00471,2022-12-19 16:50:54.476853,TSLA,1174.52,483,B0043,S0067
2022_T00305,2022-12-21 08:03:29.836769,AAPL,1205.2,465,B0092,S0046
2022_T00292,2022-12-22 00:27:40.864466,AAPL,930.25,842,B0071,S0019
2022_T00366,2022-12-22 21:58:51.584840,GOOGL,456.87,936,B0081,S0098
2022_T00055,2022-12-23 10:30:26.002659,AAPL,238.33,903,B0052,S0089
2022_T00085,2022-12-23 18:42:27.483253,AAPL,838.85,226,B0046,S0007
2022_T00315,2022-12-24 13:34:35.184595,GOOGL,1388.89,343,B0070,S0060
2022_T00232,2022-12-25 14:22:51.490653,AMZN,246.19,646,B0050,S0076
2022_T00064,2022-12-26 00:13:40.602486,MSFT,1229.9,968,B0076,S0012
2022_T00298,2022-12-26 11:52:21.930351,GOOGL,1149.25,652,B0089,S0043
2022_T00273,2022-12-26 12:52:51.047028,MSFT,969.65,116,B0053,S0037
2022_T00063,2022-12-26 19:29:56.521979,AAPL,768.33,507,B0068,S0068
2022_T00038,2022-12-27 01:16:28.836725,GOOGL,1315.51,445,B0049,S0011
2022_T00377,2022-12-27 01:37:10.135277,MSFT,941.84,256,B0098,S0081
2022_T00188,2022-12-28 05:16:14.667405,MSFT,309.69,725,B0048,S0047
2022_T00036,2022-12-28 19:08:32.929377,TSLA,589.42,857,B0033,S0047
2022_T00438,2022-12-29 01:41:16.801390,GOOGL,985.46,94,B0091,S0010
2022_T00456,2022-12-30 15:58:41.859890,GOOGL,988.06,418,B0072,S0070
2022_T00275,2022-12-31 18:03:02.385898,TSLA,773.05,484,B0068,S0008
